2475 4092
201 321 224 386 2
370 339 639 385 anscausnanuu
660 339 936 384 nrsrurnrronun

200 497 392 563 melioribus
416 498 685 579 temperaverunt
713 498 748 556 et
775 492 939 557 institutis
969 499 1006 558 et
1035 494 1120 582 legi·

202 607 274 667 bus.
323 599 418 679 Quid
433 599 549 681 loquar
565 597 608 660 de
623 617 658 660 re
672 595 831 660 militari?
853 598 890 661 in
916 620 987 681 qua
1006 621 1118 683 quum

201 709 323 770 virtute
344 704 446 768 nostri
464 701 611 765 multum
631 699 814 779 valuerunt,
825 705 902 764 tum
918 701 996 786 plus
1008 705 1117 768 etiarn

203 810 388 896 disciplina.
431 807 506 870 Jam
538 804 605 882 illa,
631 823 717 885 quae
746 808 873 883 natura,
900 827 970 870 non
994 807 1116 873 litteris

204 914 348 980 assecuti
374 916 462 988 sunt,
487 928 595 990 neque
621 927 699 969 cnm
728 907 879 988 Graecia,
903 930 1016 992 neque
1042 912 1116 977 ulla

204 1040 283 1084 cum
305 1022 405 1102 gente
427 1018 505 1076 sunt
526 1007 733 1074 conferenda.
780 1009 880 1088 Quae
902 1014 996 1076 enim
1014 1020 1115 1080 tauta

205 1123 362 1210 gravitas,
380 1137 467 1200 quae
484 1120 579 1178 tanta
597 1113 794 1192 constantia,
817 1117 1020 1200 magnitudo
1041 1119 1113 1183 ani·

206 1227 264 1304 mi,
279 1223 438 1310 probitas,
460 1218 551 1296 fides,
567 1236 653 1298 quae
676 1221 749 1280 tam
774 1218 937 1283 excellens
957 1221 994 1284 in
1015 1225 1114 1288 omni

206 1348 326 1416 genere
342 1326 446 1388 virtus
472 1323 506 1385 in
525 1320 599 1383 ullis
620 1317 691 1398 suit,
706 1326 745 1384 ut
759 1322 803 1385 sit
824 1343 903 1386 curn
926 1326 1113 1410 majoribus

206 1433 328 1500 nostris
351 1422 599 1512 comparanda?
642 1423 672 1486 3.
695 1423 854 1490 Doctrina
879 1428 1025 1495 Graecia
1047 1453 1112 1497 nos

207 1543 242 1602 et
272 1534 365 1600 omni
394 1532 575 1595 litterarum
605 1548 723 1612 genere
752 1533 949 1614 superabat:
979 1535 1016 1598 in
1042 1558 1112 1619 qno

207 1647 279 1706 erat
293 1637 388 1702 facile
404 1635 530 1697 vincere
543 1653 609 1695 non
623 1640 854 1717 repugnantes.
900 1638 990 1702 Nam
1002 1661 1111 1723 quum

207 1743 301 1832 apud
320 1741 464 1806 Graecos
483 1736 751 1820 antiquissimum
769 1760 787 1802 e
802 1739 910 1805 doctis
932 1765 1042 1827 genus
1066 1748 1113 1811 sit

206 1855 392 1938 poetarum,
416 1842 578 1926 siquidem
606 1839 771 1905 Homerus
794 1841 858 1908 fuit
881 1852 916 1909 et
937 1847 1111 1918 Hesiodus

207 1961 287 2020 ante
315 1950 459 2016 Romam
489 1946 669 2024 conditam,
701 1946 916 2015 Archilochus
945 1964 1111 2041 regnante

210 2056 366 2132 Romulo,
377 2054 479 2118 serius
495 2052 661 2137 politicam
676 2071 736 2113 nos
752 2055 950 2138 accepimns.
998 2062 1110 2128 Annis

209 2163 301 2228 enim
321 2158 385 2222 fere
403 2178 454 2220 nx
470 2161 545 2240 post
562 2153 707 2218 Romam
728 2155 899 2221 conditam
925 2161 1044 2230 Livius
1060 2166 1109 2232 sa-

207 2266 324 2334 bulam
339 2261 438 2340 dedit,
454 2260 490 2322 C.
506 2257 648 2322 Claudio
664 2257 764 2321 Caeci
781 2258 857 2340 lilio,
872 2263 918 2327 Μ
933 2266 1108 2337 Tuditano

208 2368 402 2438 consulibus
420 2385 508 2428 anno
532 2368 609 2426 ante
631 2367 748 2425 natum
771 2363 938 2451 Ennium3
961 2375 1020 2455 qui
1042 2375 1110 2443 fuit
1196 2372 1228 2434 .'

208 2477 314 2563 major
329 2478 411 2538 natu
426 2490 527 2554 quam
545 2468 685 2532 Plautus
700 2473 733 2531 et
749 2469 904 2537 Naevius.

253 2582 295 2649 II.
321 2579 401 2645 Sero
416 2576 516 2662 igitur
531 2596 552 2638 a
567 2574 686 2638 nostris
696 2577 825 2658 positae
841 2579 891 2642 vel
911 2583 1039 2668 cogniti
1052 2588 1108 2653 vel

206 2688 336 2776 recepti.
384 2684 602 2765 Quamquam
629 2681 738 2744 estin
763 2681 966 2768 Originibus,
988 2689 1107 2757 solitos

207 2819 278 2862 esse
289 2797 324 2860 in
336 2791 442 2878 epulis
454 2807 570 2853 canere
582 2787 738 2850 convivas
750 2788 792 2851 ad
804 2789 974 2856 tibicinem
984 2794 1027 2858 de
1039 2796 1105 2862 ola-

205 2923 314 2969 rorum
330 2897 505 2965 hominum
517 2891 708 2972 virtutibus;
726 2891 884 2957 honore‘m
897 2900 1011 2962 tamen
1025 2901 1107 2966 huic

205 3009 316 3098 generi
331 3027 398 3070 non
412 3001 524 3081 luisse,
539 2998 684 3063 declarat
698 2998 802 3062 oratio
820 2998 969 3082 Catonis,
984 3004 1020 3068 in
1034 3027 1108 3088 qua

205 3115 333 3203 objecit,
348 3118 386 3178 ut
401 3111 565 3198 probrum,
583 3103 630 3169 M.
648 3103 817 3184 Nobiliori,
832 3105 921 3187 quod
936 3107 965 3171 is
979 3109 1016 3172 in
1031 3131 1106 3195 pro.
1196 3132 1203 3152 ι

203 3222 347 3289 vinciam
362 3222 478 3308 poetas
493 3213 652 3280 duxisset
697 3208 845 3274 Duxerat
859 3217 974 3275 autem
985 3216 1108 3281 consul

202 3331 257 3396 ille
278 3330 313 3395 in
331 3327 509 3404 Aetoliam,
523 3325 563 3387 ut
585 3318 719 3396 scimus,
735 3315 894 3381 Ennium.
942 3317 1023 3396 Quo
1042 3321 1107 3384 mi.

202 3461 265 3504 nus
285 3438 385 3525 igitur
412 3431 544 3503 honoris
559 3432 630 3493 erat
653 3426 770 3512 poetis,
785 3445 826 3489 eo
842 3424 972 3488 minora
989 3423 1109 3492 studia

202 3545 354 3628 luerunt3
385 3567 448 3612 nec
470 3547 596 3617 tamen,
620 3537 729 3620 siqui
745 3534 880 3620 magnis
899 3531 1044 3618 ingeniis
1065 3533 1107 3600 in
1211 3549 1215 3559 “
