2475 4092
221 342 265 408 90
557 357 644 400 caro
669 355 786 412 urion,

221 517 298 583 cani
313 521 442 602 petrem
457 519 518 578 aut
541 519 710 596 patruum,
725 511 786 571 aut
811 504 949 570 multos
979 499 1155 585 praestan·

221 627 272 687 tes
287 621 383 699 viros,
398 640 483 703 quos
498 635 691 682 enumerare
714 633 781 676 uon
805 617 858 674 est
874 625 1049 682 necesse,
1067 605 1156 663 tanta

222 747 295 790 esse
306 729 454 802 conatos,
465 743 553 806 quae
568 720 613 785 ad
629 717 833 805 posteritatis
845 711 1079 778 memoriam
1096 725 1159 790 per·

221 831 374 908 tinerent,
399 829 464 892 nisi
488 827 603 890 animo
628 828 805 898 cernerent,
830 819 1097 905 posteritatem
1120 808 1159 872 ad

222 955 258 1000 se
274 933 441 1020 pertinere
489 932 543 995 An
567 949 682 993 censes
700 929 753 1013 (ut
768 925 809 989 de
833 945 888 988 me
913 924 1008 1007 ipso
1029 914 1159 998 aliquid

223 1059 314 1102 more
338 1057 458 1101 senum
485 1035 615 1120 glorier)
634 1054 687 1096 me
709 1037 822 1095 tantos
842 1029 983 1093 labores
1012 1025 1159 1088 diurnos
1213 1109 1214 1114 η

223 1149 469 1224 nocturnosque
487 1138 580 1202 domi
603 1136 807 1217 militiaeque
829 1137 1098 1216 suscepturum
1114 1123 1130 1188 i
1149 1157 1159 1171 ·
1213 1173 1214 1178 η

222 1247 298 1325 isse,
323 1247 352 1309 si
381 1245 501 1308 iisdem
530 1241 655 1306 finibus
685 1239 825 1326 gloriam
856 1257 988 1314 meam,
1029 1231 1159 1316 quibus
1213 1279 1214 1299 i

222 1349 338 1428 vitam,
376 1369 485 1411 essem
521 1341 787 1410 terminaturus?
849 1341 977 1404 Nonne
1027 1335 1156 1400 melius

223 1452 330 1516 multo
348 1450 474 1530 suisset,
490 1451 636 1514 otiosam
659 1453 817 1525 aetatem,
832 1451 868 1509 et
882 1446 1067 1526 quietam,
1086 1439 1157 1501 sine
1213 1481 1214 1507 2

224 1556 292 1620 ullo
313 1556 425 1620 labore
448 1561 482 1618 et
504 1553 718 1618 contentione
741 1548 939 1615 traducere?
991 1546 1083 1623 Sed,
1100 1563 1153 1606 ne

224 1660 294 1724 scio
316 1659 497 1743 quomodo,
521 1659 656 1722 animus
683 1657 813 1742 erigens
841 1677 877 1717 se
903 1653 1152 1739 posteritatem

224 1765 273 1828 ita
289 1784 419 1848 semper
438 1762 670 1847 prospiciebat,
686 1761 793 1844 quasi,
807 1780 916 1843 quum
939 1756 1151 1820 excessisset

224 1869 337 1945 evita,
351 1873 427 1931 tum
450 1867 594 1949 denique
617 1867 764 1930 victurus
787 1869 884 1928 esset.
934 1861 1049 1940 Quod
1079 1856 1151 1942 qui·
1210 1912 1211 1928 i

224 1970 300 2036 dem
320 1972 354 2034 ni
375 1971 425 2035 ita
447 1991 483 2034 se
506 1971 650 2048 haberet,
665 1975 705 2033 ut
728 1968 834 2032 animi
858 1967 1079 2030 immortales
1101 1983 1147 2024 es·

225 2081 310 2153 sent,
326 2075 417 2138 haud
439 2075 560 2160 optimi
582 2075 746 2160 cujusque
770 2074 906 2137 animus
922 2073 1082 2136 maxime
1106 2065 1146 2130 ad

226 2176 514 2241 immortalitatem
530 2177 655 2262 gloriae
677 2179 844 2241 niteretur.
901 2175 1024 2254 Quid?
1052 2170 1144 2256 quod
1213 2246 1214 2267 Χ

227 2281 494 2364 sapientissimus
516 2282 658 2365 quisque
682 2283 888 2364 aequissimo
907 2282 1026 2344 animo
1045 2277 1143 2343 mori·

227 2388 290 2461 tur,
310 2383 527 2448 stultissimus
548 2386 770 2469 iniquissimo,
793 2407 905 2449 nonne
928 2385 1026 2447 vobis
1053 2373 1142 2444 vide·

227 2491 281 2550 tur
296 2486 429 2550 animus
451 2489 489 2567 is,
504 2490 563 2570 qui
586 2490 662 2574 plus
685 2495 799 2554 cernat
813 2496 848 2553 et
865 2490 1010 2575 longius,
1027 2487 1140 2550 videre

229 2611 265 2655 se
280 2591 323 2654 ad
339 2590 474 2655 meliora
496 2591 679 2677 proficisci:
702 2594 757 2657 ille
780 2598 906 2672 autem,
922 2594 1017 2677 cujus
1044 2593 1140 2654 obtu·
1213 2677 1214 2683 ἵ

229 2695 295 2759 sior
309 2696 354 2759 sit
368 2695 466 2775 acics,
481 2718 549 2760 non
563 2697 699 2760 videre?
745 2697 915 2781 Equidem
938 2695 1058 2759 efferor
1075 2701 1139 2760 stu·

229 2798 286 2862 dio
308 2806 418 2884 patres
439 2807 573 2879 vestros,
588 2821 675 2884 quos
702 2801 791 2866 colui
806 2808 841 2865 et
856 2801 965 2879 dilexi,
981 2799 1139 2864 videndi:

230 2920 338 2983 neque
358 2924 434 2966 vero
457 2925 515 2968 eos
530 2903 640 2967 solum
663 2906 839 2969 convenire
855 2926 948 2984 aveo,
965 2926 1051 2986 quos
1068 2905 1138 2988 ipse

230 3007 381 3088 cognovi,
394 3009 452 3072 sed
467 3009 541 3072 illos
557 3009 670 3088 etiam,
682 3009 724 3072 de
739 3011 861 3092 quibus
877 3009 1002 3088 audivi,
1014 3015 1050 3071 et
1065 3008 1139 3094 legi,

231 3109 351 3194 etipse
366 3115 554 3199 conscripsi.
602 3111 683 3191 Quo
698 3115 837 3198 quidem
857 3135 913 3177 me
929 3111 1135 3198 proficiscen·

230 3216 300 3276 tem
323 3214 411 3280 haud
427 3240 507 3283 sane
519 3217 594 3302 quis
613 3215 711 3281 facile
733 3220 913 3297 retraxerit,
928 3239 1038 3299 neque
1054 3223 1136 3280 tam·
1213 3253 1214 3258 κ

232 3336 334 3398 quam
352 3318 479 3386 Peliam
493 3322 659 3386 recoxerit
700 3320 805 3400 Quod
821 3323 850 3386 si
865 3323 940 3404 quis
956 3322 1040 3385 deus
1057 3321 1135 3384 mihi

232 3419 397 3506 largiatur,
412 3432 451 3490 ut
465 3448 505 3490 ex
521 3427 583 3489 hac
601 3431 712 3490 aetate
735 3447 965 3511 repuerascam
984 3426 1068 3488 etin
1083 3447 1133 3489 cu·

234 3524 285 3585 nis
315 3528 459 3609 vagiam,
488 3528 584 3589 valde
610 3548 770 3593 recusem.
826 3529 899 3593 Nec
928 3550 1004 3592 vero
1029 3529 1132 3609 velim,
