2475 4092
341 375 442 418 meur
464 375 485 418 r.
530 376 600 418 car.
623 375 703 419 xxx.
724 374 817 417 xxxr.
983 351 1027 416 39

10 555 12 594 τ
128 527 189 594 lini
204 529 306 593 dicati
322 529 397 609 sint,
413 528 471 593 sed
493 529 583 612 quod
598 531 641 592 ab
657 549 698 592 eo
713 527 953 593 divinationem
972 526 1027 588 ha·

10 639 12 700 Ξ
129 637 205 699 bere
228 635 411 714 videantur,
435 656 503 718 qua
526 634 734 719 providentes
760 633 841 718 qnid
864 632 899 695 in
923 637 1028 695 morte

10 801 11 806 ,
129 740 209 803 boni
234 741 285 819 sit,
300 761 378 803 cum
401 744 503 803 cantu
519 744 553 802 et
567 738 738 823 voluptate
761 738 960 801 moriantur:
982 735 1030 798 sic

10 875 11 913 3
130 845 286 907 omnibus
301 845 398 907 bonis
414 849 449 907 et
463 844 569 906 doctis
584 865 656 906 esse
671 843 871 908 faciendum.

176 948 248 1011 Nec
273 968 348 1010 vero
375 945 416 1008 de
443 946 505 1009 hoc
528 947 707 1029 quisquam
733 947 884 1009 dubitare
907 947 1029 1029 posset,

10 1087 11 1120 3
130 1051 196 1115 nisi
210 1051 299 1115 idem
316 1050 411 1114 nobis
427 1051 588 1114 accideret
603 1051 776 1136 diligenter
790 1050 833 1113 de
848 1049 962 1113 animo
977 1067 1031 1109 co-

10 1203 11 1208 η
130 1157 324 1242 gitantibus,
345 1155 435 1238 quod
460 1155 501 1218 iis
523 1177 622 1240 saepe
643 1156 827 1234 usuvenit,
851 1155 1030 1236 quiquum

130 1262 246 1325 acriter
270 1260 374 1324 oeulis
401 1258 610 1324 deficientem
635 1260 740 1324 solem
763 1261 976 1336 intuerentur,
991 1261 1030 1319 ut

62 1435 74 1446 ⁸
130 1366 328 1450 adspectum
344 1365 479 1428 omnino
496 1366 704 1445 amitterent;
727 1365 774 1428 sic
796 1363 917 1427 mentis
941 1361 1030 1424 acies

130 1491 166 1533 se
180 1471 255 1555 ipsa
276 1471 421 1546 intuens,
440 1489 683 1551 nonnunquam
707 1469 859 1547 hebescit,
875 1469 918 1530 ob
941 1486 1029 1529 eam·

130 1596 195 1658 que
226 1596 363 1638 eausam
393 1573 642 1659 contemplandi
671 1574 879 1659 diligentiam
907 1570 1029 1635 amitti·

131 1701 217 1743 mus.
272 1680 389 1761 Itaque
418 1678 585 1758 dubitanS,
612 1680 900 1764 circumspectam,
924 1675 1030 1739 haesi·

130 1789 217 1862 tans,
240 1783 348 1846 multa
364 1783 501 1846 adversa
520 1805 679 1862 reverens,
699 1789 876 1865 tamquam
901 1781 937 1843 in
960 1785 1031 1842 rate

131 1888 167 1951 in
183 1889 266 1950 mari
281 1889 455 1967 immens0,
471 1894 583 1951 nostra
597 1889 726 1951 vehitur
746 1887 860 1950 oratic.

176 1991 228 2054 74.
253 1991 322 2055 Sed
346 1992 428 2054 haec
452 1996 485 2054 et
508 1996 629 2070 vetera,
653 1997 687 2054 et
707 2012 728 2053 a
754 1989 898 2054 Graecis.
945 1987 1031 2051 Cato
1120 1971 1126 1989 ’

133 2101 247 2158 autem
271 2096 319 2158 sic
341 2096 424 2158 abiit
441 2115 460 2157 e
476 2096 556 2175 vita,
570 2102 609 2160 ut
631 2117 768 2159 causam
790 2093 952 2159 moriendi
975 2113 1031 2154 na·

132 2205 224 2262 ctum
250 2220 285 2262 se
307 2220 380 2262 esse
400 2200 567 2284 gauderet.
623 2199 728 2263 Vetat
747 2200 837 2262 enirn
852 2197 1031 2262 dominans

131 2303 186 2368 ille
200 2305 236 2366 in
252 2304 347 2367 nobis
363 2303 444 2367 deus
460 2305 590 2388 injussu
614 2305 691 2368 hinc
706 2325 767 2367 nos
783 2325 845 2367 suo
868 2303 1031 2388 demigra-

131 2428 183 2488 re;
205 2429 310 2490 quum
326 2429 401 2471 vero
417 2429 556 2472 causam
568 2409 696 2493 justam
711 2409 794 2472 deus
809 2409 880 2493 ipse
895 2407 1030 2486 dederit,

131 2518 171 2576 ut
185 2519 266 2576 tune
294 2511 430 2592 Socrati,
447 2533 536 2576 nune
554 2512 686 2592 Catoni,
701 2533 801 2596 saepe
827 2510 952 2589 multis,
967 2529 1031 2573 nae

131 2616 195 2694 ille,
211 2616 341 2680 medius
356 2614 466 2695 fidius,
480 2617 529 2679 vir
544 2618 677 2701 sapiens
696 2616 804 2679 laetus
819 2637 861 2678 ex
877 2615 926 2678 his
941 2620 1030 2678 tene·

132 2721 198 2783 bris
212 2721 246 2783 in
263 2718 371 2784 lucem
395 2720 487 2783 illam
512 2723 695 2783 excesserit.
741 2721 812 2784 Nec
837 2724 951 2782 tamen
974 2717 1032 2780 illa

133 2825 240 2888 vinela
259 2827 395 2889 carceris
414 2827 546 2910 ruperit,
564 2827 668 2912 (leges
691 2826 782 2889 enim
802 2829 916 2887 vetant
925 2823 946 2908 3)
973 2821 1031 2884 sed

133 2935 308 3012 tamquam
324 2953 344 2994 a
359 2933 557 3024 magistratu
583 2937 642 2995 aut
668 2933 710 2994 ab
735 2931 848 3012 aJiqua
867 2933 1030 3013 potestate

133 3033 294 3118 legitima,
310 3037 357 3098 sic
372 3057 392 3098 a
407 3037 470 3099 deo
493 3043 650 3100 evocatus
674 3042 775 3118 atque
790 3034 930 3096 emissus
946 3034 1030 3095 exie-

133 3139 183 3200 rit.
235 3138 314 3202 Tota
329 3139 417 3201 enirn
437 3141 698 3220 philosophorum
713 3142 789 3217 vitu,
805 3145 845 3201 ut
868 3139 916 3201 ait
930 3137 1031 3216 idem,

134 3244 352 3307 commentatio
368 3246 476 3308 mertis
492 3252 546 3308 est.

179 3347 305 3412 XXXI.
350 3347 401 3410 75.
426 3349 515 3412 Nam
539 3348 620 3431 quid
644 3347 735 3411 aliud
761 3347 902 3432 agimuS,
926 3367 1031 3430 quum

134 3479 156 3521 a
170 3459 350 3543 voluptate,
363 3457 398 3519 id
424 3463 474 3520 est
490 3479 511 3520 a
525 3477 668 3541 corpore,
683 3477 788 3538 quum
812 3478 833 3519 a
854 3478 888 3520 re
912 3454 1030 3519 famili-

136 3563 191 3643 ari,
206 3583 292 3646 quae
309 3568 359 3626 est
384 3561 535 3625 ministra
549 3568 583 3624 et
604 3559 733 3624 famula
759 3562 910 3645 corporis,
925 3577 1031 3640 quum
