2475 4092
223 337 268 403 24
398 357 659 402 ruscuuannnuu
680 357 951 402 ursrorarrorunr

266 512 318 577 44.
344 511 526 595 Quumque
541 513 683 598 corporis
705 512 832 577 facibus
852 511 1051 576 inflammari
1067 532 1126 576 so·

224 615 353 681 lcamus
369 617 412 680 ad
434 638 550 680 omnes
570 615 635 680 fere
656 617 864 702 cupiditates,
880 635 985 698 eoque
1008 616 1123 700 magis

222 722 364 801 incendi,
387 721 478 804 quod
502 722 544 784 iis
568 721 781 800 aemulemur,
805 721 863 804 qui
892 741 933 783 ea
962 720 1122 798 habeant,

224 847 311 907 quae
336 847 395 890 nos
422 826 540 889 habere
564 827 757 910 cupiamus:
779 822 925 911 profecto
951 823 1040 887 beati
1058 823 1122 886 eri·

223 951 309 1008 mus,
321 951 436 1012 quum,
452 930 640 1013 corporibus
654 929 783 1009 relictis,
798 934 833 992 et
846 927 1069 1012 cupiditatum
1085 933 1123 991 et

223 1035 487 1098 aemulationum
512 1035 634 1097 erimus
652 1039 817 1118 expertes3
848 1031 1004 1116 quodque
1027 1052 1121 1094 nunc

222 1137 373 1218 facimus,
396 1160 502 1221 quum
527 1139 627 1202 laxati
653 1140 738 1202 curis
762 1159 887 1215 sumus,
910 1142 950 1198 ut
970 1141 1122 1220 spectare

223 1242 349 1326 aliquid
364 1244 503 1306 velimus
519 1249 553 1306 et
567 1244 680 1321 visere,
694 1242 729 1306 id
747 1243 940 1306 multotum
955 1239 1121 1305 faciemus

222 1347 363 1427 liberius,
388 1355 542 1432 totosque
572 1370 634 1412 nos
662 1349 698 1412 in
727 1346 989 1431 contemplandis
1018 1348 1120 1410 rebus

223 1455 521 1539 perspiciendisque
537 1475 709 1539 ponemus,
722 1459 892 1538 propterea
906 1451 996 1534 quod
1011 1457 1045 1515 et
1059 1472 1120 1516 na·

222 1564 298 1622 tura
320 1560 406 1622 inest
425 1561 461 1622 in
484 1560 652 1622 mentibus
672 1559 791 1621 nostris
805 1556 1002 1620 insatiabilis
1018 1577 1121 1637 quae·

223 1663 302 1728 dam
326 1663 490 1747 cupiditas
514 1663 581 1726 veri
603 1662 745 1740 videndi,
766 1668 801 1724 et
823 1681 899 1724 orae
918 1661 1011 1744 ipsae
1030 1659 1121 1724 loco·

221 1789 296 1832 rum
319 1767 460 1846 illorum,
480 1789 546 1850 quo
571 1767 823 1852 pervenerimus,
846 1785 913 1848 quo
938 1763 1120 1828 faciliorem

222 1873 317 1936 nobis
333 1873 556 1957 cognitionem
567 1892 675 1934 rerum
690 1870 892 1948 caelestium,
901 1889 941 1932 eo
956 1868 1120 1952 majorem

222 1977 444 2063 cognoscendi
481 1975 699 2060 cupiditatem
736 1975 872 2038 dabunt
931 1973 984 2036 45.
1023 1972 1120 2036 Haec

223 2084 312 2146 enirn
335 2080 542 2166 pulchritudo
565 2081 668 2142 etiam
691 2081 727 2143 in
749 2079 841 2142 terris
862 2078 1002 2163 patriam
1024 2076 1119 2139 illam

223 2192 257 2249 et
281 2187 404 2249 avitam
428 2185 479 2270 (ut
504 2185 551 2247 ait
579 2183 838 2269 Theophrastus)
861 2182 1118 2267 philosophiam,

222 2289 419 2375 cognitionis
435 2288 613 2371 cupiditate
630 2288 809 2367 incensam,
820 2288 983 2350 excitavit.
1021 2287 1120 2350 Prae·

223 2397 320 2480 cipue
335 2415 411 2456 vero
424 2391 569 2456 fruentur
584 2414 633 2470 ea,
645 2393 702 2474 qui
717 2399 791 2455 turn
806 2393 918 2470 etiam,
929 2412 1044 2474 quum,
1054 2390 1118 2454 has

223 2506 322 2566 terras
333 2499 522 2577 incolentes,
534 2496 723 2560 circumfusi
737 2503 830 2560 erant
840 2497 990 2582 caligine,
1000 2502 1118 2560 tamen

223 2606 294 2670 acie
309 2605 431 2668 mentis
446 2602 603 2687 dispicere
627 2603 814 2685 cupiebant

267 2709 341 2774 XX.
365 2709 501 2772 Etenim
517 2707 544 2769 si
560 2728 649 2769 nunc
660 2705 784 2788 aliquid
796 2708 927 2788 assequi
939 2727 973 2769 se
986 2711 1117 2791 putant,

221 2814 280 2897 qui
296 2814 418 2877 ostium
436 2811 534 2874 Ponti
556 2810 707 2872 viderunt
729 2815 762 2873 et
784 2831 840 2872 eas
863 2810 1043 2894 angustias,
1058 2829 1117 2893 per

221 2939 305 3000 quas
321 2917 502 3000 penetravit
514 2936 563 2994 ea,
576 2936 662 2996 quae
674 2918 724 2977 est
740 2915 912 2977 nominata
926 2915 1025 2999 Argo,
1036 2914 1118 2995 quia

223 3022 336 3106 Argivi
350 3022 386 3083 in
401 3042 450 3100 ea,

797 3133 881 3186 delecti
892 3133 954 3198 viri,

384 3223 458 3288 Veett,
471 3224 583 3293 petebant
593 3222 683 3292 pellem
695 3223 841 3274 incuratam
852 3217 958 3282 ductim·

222 3334 282 3392 aut
295 3329 328 3407 ii,
344 3328 401 3410 qui
420 3327 547 3390 Oceani
567 3325 650 3389 freta
664 3326 720 3389 illa
734 3325 895 3402 viderunt,

348 3448 481 3515 Europam
493 3447 647 3514 Libyamque
658 3463 739 3516 ropac
749 3446 791 3498 ubi
803 3445 892 3498 dividit
903 3445 992 3498 undu:

221 3555 310 3636 quod
326 3553 462 3617 tandem
486 3551 712 3634 spectaculum
734 3549 801 3614 fore
825 3557 992 3636 putamus,
1007 3571 1117 3633 quum
