2475 4092
381 378 482 420 maun
504 378 527 421 1.
576 377 647 419 cnr.
671 376 717 419 rv.
741 376 772 418 v.
1004 352 1026 416 5

124 527 212 610 lanc,
228 551 334 612 quum
359 537 470 595 essent
487 530 674 616 complures
689 551 824 594 mecum
839 527 1026 609 familiares,

124 636 259 715 tentavi,
286 637 366 718 quid
393 638 428 699 in
456 657 495 699 eo
527 659 646 722 genere
677 658 818 722 possem.
864 634 912 696 Ut
937 634 1027 696 enim

124 745 224 802 antea
239 741 496 805 declamitabam
518 763 648 821 causas,
663 741 755 825 quod
771 761 871 805 nemo
887 761 940 802 me
956 739 1027 802 diu·

123 845 191 907 tius
206 844 292 924 fecit,
310 847 356 909 sic
372 847 454 910 haec
469 869 558 910 nunc
573 849 656 911 mihi
672 848 784 911 senilis
800 852 851 908 est
865 845 1028 908 declama·

122 949 180 1011 tio.
226 949 351 1013 Ponere
363 951 532 1035 jubebam,
545 951 585 1014 de
602 973 669 1034 quo
685 953 760 1034 quis
784 950 898 1013 audire
914 948 1027 1028 vellet3
1079 936 1084 945 ’

124 1054 168 1117 ad
183 1053 218 1116 id
234 1061 293 1119 aut
308 1055 426 1119 sedens
449 1062 509 1119 aut
524 1057 701 1119 ambulans
717 1055 940 1140 disputabam.

167 1156 197 1222 8.
222 1159 338 1241 Itaque
365 1160 493 1223 dierum
517 1162 664 1244 quinque
687 1161 820 1238 scholar,
843 1164 883 1221 ut
908 1155 1027 1220 Graeci

123 1262 301 1347 appellant,
318 1264 352 1326 in
375 1265 515 1328 totidem
531 1265 630 1328 libros
652 1265 787 1328 contuli.
833 1263 954 1326 Fiebat
968 1283 1026 1325 au·

123 1373 191 1431 tem
215 1369 272 1444 ita,
288 1374 335 1448 ut,
358 1390 462 1451 quum
485 1371 523 1449 is,
539 1371 597 1452 qui
620 1370 734 1433 audire
759 1368 865 1447 vellet,
889 1355 1027 1430 dixisset

124 1473 204 1554 quid
234 1467 303 1536 sibi¹
327 1474 498 1553 videretur,
528 1480 602 1538 tum
633 1496 696 1560 ego
728 1479 843 1537 contra
872 1472 1024 1535 dicerem.

125 1578 221 1642 Haec
243 1585 294 1642 est
317 1582 416 1660 enim,
431 1587 469 1645 ut
490 1582 561 1660 scis,
577 1588 673 1645 vetus
699 1587 733 1644 et
758 1580 927 1644 Socratica
941 1578 1025 1642 ratio

124 1690 239 1747 contra
269 1685 402 1748 alterius
428 1687 621 1771 opinionem
646 1685 844 1765 disserendi3
867 1705 946 1747 narn
976 1684 1025 1746 ita

124 1786 289 1868 facillime,
320 1790 401 1873 quid
429 1792 497 1853 veri
528 1791 736 1855 simillimum
764 1795 859 1867 esset,
886 1788 1024 1851 inveniri

124 1913 222 1976 posse
249 1893 401 1957 Socrates
424 1897 649 1959 arbitrabatur.
697 1895 764 1959 Sed
787 1915 854 1976 quo
877 1912 1024 1955 commo·

124 1997 199 2061 dius
224 1997 466 2082 disputationes
496 2006 627 2063 nostrae
654 1998 864 2084 explicentur,
893 1998 939 2059 sic
966 2018 1024 2060 eas

124 2124 301 2188 exponam,
323 2107 419 2186 quasi
441 2111 560 2190 agatur
584 2127 644 2184 res,
660 2126 726 2168 non
752 2105 848 2187 quasi
869 2107 1023 2166 narretur.

125 2208 215 2292 Ergo
232 2209 279 2271 ita
295 2215 447 2272 nascetur
462 2209 641 2272 exordium.

169 2312 211 2376 V.
257 2313 286 2375 9.
310 2313 350 2376 A.
369 2312 497 2377 Malum
515 2314 597 2377 mihi
611 2313 741 2377 videtur
756 2334 828 2376 esse
843 2334 939 2376 mors·
975 2310 1022 2375 M.

124 2417 221 2497 iisne,
237 2418 295 2499 qui
310 2419 433 2481 mortui
450 2424 535 2497 sunt,
551 2440 593 2480 an
610 2419 661 2496 iis,
677 2419 797 2500 quibus
812 2416 1022 2480 moriendum

123 2521 199 2584 est?
256 2521 295 2584 A.
329 2521 492 2604 Utrisque.
538 2521 593 2585 ’Μ
631 2522 694 2585 Est
724 2523 882 2585 misemm
911 2520 1021 2604 igitur,

122 2626 284 2708 quoniam
310 2624 447 2689 malurn.
504 2625 543 2688 A.
577 2625 681 2688 Certe.
738 2626 784 2689 M.
816 2624 906 2708 Ergo
931 2629 965 2685 et
987 2623 1021 2701 ii,

123 2731 245 2812 quibus
270 2731 380 2793 evenit
395 2730 479 2814 jam,
501 2735 540 2792 ut
560 2736 770 2809 morerentur,
793 2734 827 2792 et
851 2729 885 2807 ii,
900 2729 1021 2810 quibus

124 2840 320 2898 eventurum
350 2840 409 2914 est,
439 2835 558 2897 miseri.
613 2835 652 2898 A.
693 2833 777 2897 Mihi
806 2834 855 2896 ita
884 2833 1021 2896 videtur.

126 2938 172 3003 M
205 2939 313 3002 Nemo
337 2961 414 3025 ergo
439 2961 504 3002 non
521 2940 628 3002 miser.
684 2939 722 3002 A.
755 2939 889 3001 Prorsus
912 2959 1020 3002 nemo

126 3042 173 3107 M.
204 3043 250 3105 Et
272 3043 416 3124 quidem,
432 3045 461 3106 si
481 3045 541 3106 tibi
562 3049 713 3107 constare
735 3043 793 3121 vis,
809 3064 934 3122 omnes,
950 3043 1019 3124 qui·

124 3168 256 3229 cunque
272 3148 342 3209 nati
365 3154 443 3238 sunt
458 3155 602 3228 eruntve‚
619 3171 686 3211 non
703 3148 811 3211 solum
827 3149 946 3225 miseri,
962 3148 1019 3211 sed

124 3253 227 3316 etiarn
244 3273 373 3336 semper
392 3254 510 3316 miseri.
556 3254 646 3316 Nam
662 3254 690 3316 si
706 3253 792 3316 solos
817 3274 874 3315 eos
897 3252 1020 3316 diceres

124 3357 270 3435 miseros,
293 3357 413 3438 quibus
437 3357 647 3420 moriendum
672 3363 768 3436 esset,
791 3358 960 3421 neminem
981 3362 1021 3420 tu

124 3461 259 3544 quidem
275 3482 398 3540 eorum,
414 3462 473 3543 qui
492 3462 646 3541 viverent,
662 3464 843 3547 exciperes3
869 3462 1020 3546 (morien-

125 3565 206 3630 dum
231 3572 281 3630 est
296 3567 386 3630 enirn
413 3567 568 3630 omnibus
579 3568 600 3654 3)
626 3574 712 3631 esset
734 3573 846 3630 tamen
868 3565 1020 3630 miseriae
