<?xml version="1.0" encoding="UTF-8"?>
<!DOCTYPE html PUBLIC "-//W3C//DTD XHTML 1.0 Transitional//EN"
    "http://www.w3.org/TR/xhtml1/DTD/xhtml1-transitional.dtd">
<html xmlns="http://www.w3.org/1999/xhtml" xml:lang="en" lang="en">
 <head>
  <title>
</title>
<meta http-equiv="Content-Type" content="text/html;charset=utf-8" />
  <meta name='ocr-system' content='tesseract 3.04.00' />
  <meta name='ocr-capabilities' content='ocr_page ocr_carea ocr_par ocr_line ocrx_word'/>
</head>
<body>
  <div class='ocr_page' id='page_1' title='image "./tusculandisputa01cicegoog_0035.png"; bbox 0 0 2475 4092; ppageno 0'>
   <div class='ocr_carea' id='block_1_1' title="bbox 362 330 1030 400">
    <p class='ocr_par' dir='ltr' id='par_1_1' title="bbox 362 330 1030 400">
     <span class='ocr_line' id='line_1_1' title="bbox 362 330 1030 400; baseline -0.004 0"><span class='ocrx_word' id='word_1_1' title='bbox 362 358 463 400; x_wconf 76' lang='lat' dir='ltr'>mann</span> <span class='ocrx_word' id='word_1_2' title='bbox 485 357 506 399; x_wconf 94' lang='lat'>1.</span> <span class='ocrx_word' id='word_1_3' title='bbox 552 358 622 399; x_wconf 72' lang='lat' dir='ltr'>cir.</span> <span class='ocrx_word' id='word_1_4' title='bbox 644 355 703 398; x_wconf 83' lang='lat' dir='ltr'>vrr.</span> <span class='ocrx_word' id='word_1_5' title='bbox 726 355 800 398; x_wconf 83' lang='lat' dir='ltr'>vnr.</span> <span class='ocrx_word' id='word_1_6' title='bbox 1009 330 1030 397; x_wconf 87' lang='grc'>9</span> 
     </span>
    </p>
   </div>
   <div class='ocr_carea' id='block_1_2' title="bbox 77 503 1086 3627">
    <p class='ocr_par' dir='ltr' id='par_1_2' title="bbox 77 503 1031 890">
     <span class='ocr_line' id='line_1_2' title="bbox 132 503 1030 595; baseline -0.01 -18"><span class='ocrx_word' id='word_1_7' title='bbox 132 535 217 592; x_wconf 89' lang='lat' dir='ltr'>mus,</span> <span class='ocrx_word' id='word_1_8' title='bbox 233 534 337 595; x_wconf 90' lang='lat' dir='ltr'>quum</span> <span class='ocrx_word' id='word_1_9' title='bbox 352 511 559 575; x_wconf 91' lang='lat' dir='ltr'>moriendum</span> <span class='ocrx_word' id='word_1_10' title='bbox 576 512 628 591; x_wconf 81' lang='lat' dir='ltr'>sit,</span> <span class='ocrx_word' id='word_1_11' title='bbox 639 533 750 576; x_wconf 90' lang='lat' dir='ltr'>nonne</span> <span class='ocrx_word' id='word_1_12' title='bbox 766 509 876 574; x_wconf 87' lang='lat' dir='ltr'>miseri</span> <span class='ocrx_word' id='word_1_13' title='bbox 892 503 1030 570; x_wconf 70' lang='lat' dir='ltr'>sumus?</span> 
     </span>
     <span class='ocr_line' id='line_1_3' title="bbox 135 616 1030 702; baseline -0.008 -21"><span class='ocrx_word' id='word_1_14' title='bbox 135 618 234 696; x_wconf 77' lang='lat' dir='ltr'>Quae</span> <span class='ocrx_word' id='word_1_15' title='bbox 250 619 340 681; x_wconf 91' lang='lat' dir='ltr'>enim</span> <span class='ocrx_word' id='word_1_16' title='bbox 355 622 465 702; x_wconf 81' lang='lat' dir='ltr'>potest</span> <span class='ocrx_word' id='word_1_17' title='bbox 479 617 515 679; x_wconf 92' lang='lat' dir='ltr'>in</span> <span class='ocrx_word' id='word_1_18' title='bbox 531 617 599 679; x_wconf 77' lang='lat' dir='ltr'>viia</span> <span class='ocrx_word' id='word_1_19' title='bbox 614 638 686 680; x_wconf 83' lang='lat' dir='ltr'>esse</span> <span class='ocrx_word' id='word_1_20' title='bbox 706 616 909 702; x_wconf 72' lang='lat' dir='ltr'>jucunditas,</span> <span class='ocrx_word' id='word_1_21' title='bbox 925 631 1030 695; x_wconf 89' lang='lat' dir='ltr'>quum</span> 
     </span>
     <span class='ocr_line' id='line_1_4' title="bbox 77 719 1031 805; baseline -0.006 -21"><span class='ocrx_word' id='word_1_22' title='bbox 77 719 81 724; x_wconf 76' lang='grc'><em>’</em></span> <span class='ocrx_word' id='word_1_23' title='bbox 131 722 202 785; x_wconf 88' lang='lat' dir='ltr'>dies</span> <span class='ocrx_word' id='word_1_24' title='bbox 219 728 252 785; x_wconf 78' lang='lat' dir='ltr'>et</span> <span class='ocrx_word' id='word_1_25' title='bbox 275 728 388 785; x_wconf 81' lang='lat' dir='ltr'>noctes</span> <span class='ocrx_word' id='word_1_26' title='bbox 411 719 627 805; x_wconf 81' lang='lat' dir='ltr'>cogitandum</span> <span class='ocrx_word' id='word_1_27' title='bbox 651 722 702 801; x_wconf 84' lang='lat' dir='ltr'>sit,</span> <span class='ocrx_word' id='word_1_28' title='bbox 715 722 786 805; x_wconf 88' lang='lat' dir='ltr'>jam</span> <span class='ocrx_word' id='word_1_29' title='bbox 805 720 943 804; x_wconf 89' lang='lat' dir='ltr'>jamque</span> <span class='ocrx_word' id='word_1_30' title='bbox 958 736 1031 779; x_wconf 87' lang='lat' dir='ltr'>esse</span> 
     </span>
     <span class='ocr_line' id='line_1_5' title="bbox 131 825 363 890; baseline 0.009 -2"><span class='ocrx_word' id='word_1_31' title='bbox 131 825 363 890; x_wconf 76' lang='lat' dir='ltr'>moriendum?</span> 
     </span>
    </p>

    <p class='ocr_par' dir='ltr' id='par_1_3' title="bbox 127 929 1086 2355">
     <span class='ocr_line' id='line_1_6' title="bbox 177 929 1030 1015; baseline -0.005 -23"><span class='ocrx_word' id='word_1_32' title='bbox 177 930 272 994; x_wconf 92' lang='lat' dir='ltr'><strong>VIII.</strong></span> <span class='ocrx_word' id='word_1_33' title='bbox 318 929 368 994; x_wconf 88' lang='grc'>15.</span> <span class='ocrx_word' id='word_1_34' title='bbox 392 931 439 996; x_wconf 92' lang='grc' dir='ltr'><strong>Μ</strong></span> <span class='ocrx_word' id='word_1_35' title='bbox 470 931 579 1013; x_wconf 84' lang='lat' dir='ltr'>Ecqui</span> <span class='ocrx_word' id='word_1_36' title='bbox 594 951 671 1015; x_wconf 89' lang='lat' dir='ltr'>ergo</span> <span class='ocrx_word' id='word_1_37' title='bbox 686 929 852 1014; x_wconf 86' lang='lat' dir='ltr'>intelligis,</span> <span class='ocrx_word' id='word_1_38' title='bbox 864 931 1030 1009; x_wconf 80' lang='lat' dir='ltr'>quantum</span> 
     </span>
     <span class='ocr_line' id='line_1_7' title="bbox 130 1031 1030 1120; baseline -0.007 -21"><span class='ocrx_word' id='word_1_39' title='bbox 130 1035 212 1099; x_wconf 90' lang='lat' dir='ltr'>mali</span> <span class='ocrx_word' id='word_1_40' title='bbox 227 1036 268 1099; x_wconf 91' lang='lat' dir='ltr'>de</span> <span class='ocrx_word' id='word_1_41' title='bbox 284 1038 431 1100; x_wconf 90' lang='lat' dir='ltr'>humana</span> <span class='ocrx_word' id='word_1_42' title='bbox 443 1037 634 1100; x_wconf 84' lang='lat' dir='ltr'>conditione</span> <span class='ocrx_word' id='word_1_43' title='bbox 646 1034 824 1120; x_wconf 76' lang='lat' dir='ltr'>dejeceris?</span> <span class='ocrx_word' id='word_1_44' title='bbox 869 1033 910 1096; x_wconf 91' lang='lat' dir='ltr'>A.</span> <span class='ocrx_word' id='word_1_45' title='bbox 937 1031 1030 1109; x_wconf 75' lang='lat' dir='ltr'><strong>Quo·</strong></span> 
     </span>
     <span class='ocr_line' id='line_1_8' title="bbox 132 1136 1030 1221; baseline -0.006 -18"><span class='ocrx_word' id='word_1_46' title='bbox 132 1163 210 1204; x_wconf 86' lang='lat' dir='ltr'>nam</span> <span class='ocrx_word' id='word_1_47' title='bbox 234 1141 360 1204; x_wconf 75' lang='lat' dir='ltr'>modo?</span> <span class='ocrx_word' id='word_1_48' title='bbox 405 1141 452 1206; x_wconf 88' lang='grc' dir='ltr'><strong>Μ</strong></span> <span class='ocrx_word' id='word_1_49' title='bbox 487 1141 587 1221; x_wconf 73' lang='lat' dir='ltr'>Quia,</span> <span class='ocrx_word' id='word_1_50' title='bbox 604 1142 633 1204; x_wconf 85' lang='lat' dir='ltr'>si</span> <span class='ocrx_word' id='word_1_51' title='bbox 657 1141 741 1203; x_wconf 91' lang='lat' dir='ltr'>mori</span> <span class='ocrx_word' id='word_1_52' title='bbox 764 1140 867 1202; x_wconf 90' lang='lat' dir='ltr'>etiarn</span> <span class='ocrx_word' id='word_1_53' title='bbox 890 1136 1030 1200; x_wconf 79' lang='lat' dir='ltr'><strong>mortuis</strong></span> 
     </span>
     <span class='ocr_line' id='line_1_9' title="bbox 130 1241 1030 1326; baseline -0.007 -19"><span class='ocrx_word' id='word_1_54' title='bbox 130 1246 289 1309; x_wconf 87' lang='lat' dir='ltr'>miserum</span> <span class='ocrx_word' id='word_1_55' title='bbox 316 1251 411 1324; x_wconf 77' lang='lat' dir='ltr'>esset,</span> <span class='ocrx_word' id='word_1_56' title='bbox 434 1246 603 1309; x_wconf 80' lang='lat' dir='ltr'>infinitum</span> <span class='ocrx_word' id='word_1_57' title='bbox 619 1243 790 1326; x_wconf 90' lang='lat' dir='ltr'>quoddam</span> <span class='ocrx_word' id='word_1_58' title='bbox 812 1249 846 1305; x_wconf 84' lang='lat' dir='ltr'>et</span> <span class='ocrx_word' id='word_1_59' title='bbox 864 1241 1030 1325; x_wconf 82' lang='lat' dir='ltr'>sempiter-</span> 
     </span>
     <span class='ocr_line' id='line_1_10' title="bbox 130 1344 1030 1413; baseline -0.008 0"><span class='ocrx_word' id='word_1_60' title='bbox 130 1370 212 1412; x_wconf 87' lang='lat' dir='ltr'>num</span> <span class='ocrx_word' id='word_1_61' title='bbox 240 1350 367 1413; x_wconf 87' lang='lat' dir='ltr'>malum</span> <span class='ocrx_word' id='word_1_62' title='bbox 397 1351 593 1413; x_wconf 82' lang='lat' dir='ltr'>haberemus</span> <span class='ocrx_word' id='word_1_63' title='bbox 618 1349 654 1411; x_wconf 82' lang='lat' dir='ltr'>ln</span> <span class='ocrx_word' id='word_1_64' title='bbox 678 1349 757 1412; x_wconf 85' lang='lat' dir='ltr'>vita.</span> <span class='ocrx_word' id='word_1_65' title='bbox 811 1347 910 1410; x_wconf 89' lang='lat' dir='ltr'>Nunc</span> <span class='ocrx_word' id='word_1_66' title='bbox 932 1344 1030 1407; x_wconf 86' lang='lat' dir='ltr'>video</span> 
     </span>
     <span class='ocr_line' id='line_1_11' title="bbox 130 1450 1031 1537; baseline -0.004 -20"><span class='ocrx_word' id='word_1_67' title='bbox 130 1454 276 1534; x_wconf 82' lang='lat' dir='ltr'>calcem3</span> <span class='ocrx_word' id='word_1_68' title='bbox 299 1454 343 1517; x_wconf 89' lang='lat' dir='ltr'>ad</span> <span class='ocrx_word' id='word_1_69' title='bbox 365 1476 467 1537; x_wconf 90' lang='lat' dir='ltr'>quam</span> <span class='ocrx_word' id='word_1_70' title='bbox 490 1475 596 1537; x_wconf 90' lang='lat' dir='ltr'>quum</span> <span class='ocrx_word' id='word_1_71' title='bbox 619 1455 663 1517; x_wconf 82' lang='lat' dir='ltr'>sit</span> <span class='ocrx_word' id='word_1_72' title='bbox 681 1453 867 1531; x_wconf 84' lang='lat' dir='ltr'>decursum,</span> <span class='ocrx_word' id='word_1_73' title='bbox 883 1450 965 1514; x_wconf 90' lang='lat' dir='ltr'>nihil</span> <span class='ocrx_word' id='word_1_74' title='bbox 987 1450 1031 1513; x_wconf 81' lang='lat' dir='ltr'>sit</span> 
     </span>
     <span class='ocr_line' id='line_1_12' title="bbox 130 1559 1030 1646; baseline -0.003 -21"><span class='ocrx_word' id='word_1_75' title='bbox 130 1569 296 1646; x_wconf 85' lang='lat' dir='ltr'>praeterea</span> <span class='ocrx_word' id='word_1_76' title='bbox 319 1563 611 1627; x_wconf 81' lang='lat' dir='ltr'>extimescendum.</span> <span class='ocrx_word' id='word_1_77' title='bbox 659 1562 726 1626; x_wconf 81' lang='lat' dir='ltr'>Sed</span> <span class='ocrx_word' id='word_1_78' title='bbox 746 1568 786 1625; x_wconf 81' lang='lat' dir='ltr'>iu</span> <span class='ocrx_word' id='word_1_79' title='bbox 808 1562 891 1624; x_wconf 91' lang='lat' dir='ltr'>mihi</span> <span class='ocrx_word' id='word_1_80' title='bbox 910 1559 1030 1623; x_wconf 85' lang='lat' dir='ltr'>videris</span> 
     </span>
     <span class='ocr_line' id='line_1_13' title="bbox 131 1664 1030 1751; baseline -0.001 -23"><span class='ocrx_word' id='word_1_81' title='bbox 131 1666 330 1751; x_wconf 86' lang='lat' dir='ltr'>Epicharmi,</span> <span class='ocrx_word' id='word_1_82' title='bbox 347 1669 437 1730; x_wconf 85' lang='lat' dir='ltr'>acuti</span> <span class='ocrx_word' id='word_1_83' title='bbox 460 1690 521 1731; x_wconf 91' lang='lat' dir='ltr'>nec</span> <span class='ocrx_word' id='word_1_84' title='bbox 543 1667 663 1730; x_wconf 87' lang='lat' dir='ltr'>insulsi</span> <span class='ocrx_word' id='word_1_85' title='bbox 690 1667 842 1745; x_wconf 77' lang='lat' dir='ltr'>hominia,</span> <span class='ocrx_word' id='word_1_86' title='bbox 858 1672 897 1728; x_wconf 80' lang='lat' dir='ltr'>ui</span> <span class='ocrx_word' id='word_1_87' title='bbox 915 1664 1030 1743; x_wconf 83' lang='lat' dir='ltr'>Siculi,</span> 
     </span>
     <span class='ocr_line' id='line_1_14' title="bbox 131 1769 1030 1854; baseline -0.002 -22"><span class='ocrx_word' id='word_1_88' title='bbox 131 1772 331 1835; x_wconf 81' lang='lat' dir='ltr'>sententiam</span> <span class='ocrx_word' id='word_1_89' title='bbox 354 1773 456 1854; x_wconf 89' lang='lat' dir='ltr'>sequi.</span> <span class='ocrx_word' id='word_1_90' title='bbox 502 1772 542 1835; x_wconf 89' lang='lat' dir='ltr'>A.</span> <span class='ocrx_word' id='word_1_91' title='bbox 577 1770 717 1848; x_wconf 67' lang='lat' dir='ltr'>Quam?</span> <span class='ocrx_word' id='word_1_92' title='bbox 740 1792 808 1833; x_wconf 91' lang='lat' dir='ltr'>non</span> <span class='ocrx_word' id='word_1_93' title='bbox 832 1771 922 1833; x_wconf 90' lang='lat' dir='ltr'>enim</span> <span class='ocrx_word' id='word_1_94' title='bbox 943 1769 1030 1831; x_wconf 88' lang='lat' dir='ltr'>novi.</span> 
     </span>
     <span class='ocr_line' id='line_1_15' title="bbox 132 1874 1086 1960; baseline -0.002 -22"><span class='ocrx_word' id='word_1_95' title='bbox 132 1874 179 1939; x_wconf 85' lang='lat' dir='ltr'>M.</span> <span class='ocrx_word' id='word_1_96' title='bbox 217 1875 346 1955; x_wconf 85' lang='lat' dir='ltr'>Dicam,</span> <span class='ocrx_word' id='word_1_97' title='bbox 376 1878 404 1939; x_wconf 84' lang='lat' dir='ltr'>si</span> <span class='ocrx_word' id='word_1_98' title='bbox 434 1883 557 1960; x_wconf 75' lang='lat' dir='ltr'>poiem,</span> <span class='ocrx_word' id='word_1_99' title='bbox 590 1875 730 1955; x_wconf 71' lang='lat' dir='ltr'>haime,</span> <span class='ocrx_word' id='word_1_100' title='bbox 760 1876 824 1938; x_wconf 83' lang='lat' dir='ltr'>scis</span> <span class='ocrx_word' id='word_1_101' title='bbox 853 1875 942 1936; x_wconf 92' lang='lat' dir='ltr'>enim</span> <span class='ocrx_word' id='word_1_102' title='bbox 972 1893 1030 1936; x_wconf 90' lang='lat' dir='ltr'>me</span> <span class='ocrx_word' id='word_1_103' title='bbox 1084 1891 1086 1895; x_wconf 89' lang='grc'><em>·</em></span> 
     </span>
     <span class='ocr_line' id='line_1_16' title="bbox 133 1977 1030 2064; baseline -0.002 -22"><span class='ocrx_word' id='word_1_104' title='bbox 133 1979 259 2042; x_wconf 84' lang='lat' dir='ltr'>Graece</span> <span class='ocrx_word' id='word_1_105' title='bbox 278 1979 370 2062; x_wconf 87' lang='lat' dir='ltr'>loqui</span> <span class='ocrx_word' id='word_1_106' title='bbox 384 1981 419 2042; x_wconf 91' lang='lat' dir='ltr'>in</span> <span class='ocrx_word' id='word_1_107' title='bbox 437 1981 560 2044; x_wconf 79' lang='lat' dir='ltr'>Latino</span> <span class='ocrx_word' id='word_1_108' title='bbox 577 2001 729 2043; x_wconf 85' lang='lat' dir='ltr'>sermone</span> <span class='ocrx_word' id='word_1_109' title='bbox 745 2001 812 2042; x_wconf 92' lang='lat' dir='ltr'>non</span> <span class='ocrx_word' id='word_1_110' title='bbox 828 1979 903 2064; x_wconf 89' lang='lat' dir='ltr'>plus</span> <span class='ocrx_word' id='word_1_111' title='bbox 919 1977 1030 2057; x_wconf 90' lang='lat' dir='ltr'>solere,</span> 
     </span>
     <span class='ocr_line' id='line_1_17' title="bbox 129 2082 1029 2165; baseline -0.001 -19"><span class='ocrx_word' id='word_1_112' title='bbox 129 2104 232 2165; x_wconf 89' lang='lat' dir='ltr'>quam</span> <span class='ocrx_word' id='word_1_113' title='bbox 257 2085 292 2146; x_wconf 92' lang='lat' dir='ltr'>in</span> <span class='ocrx_word' id='word_1_114' title='bbox 311 2084 439 2147; x_wconf 89' lang='lat' dir='ltr'>Graeco</span> <span class='ocrx_word' id='word_1_115' title='bbox 464 2084 593 2147; x_wconf 84' lang='lat' dir='ltr'>Latine.</span> <span class='ocrx_word' id='word_1_116' title='bbox 640 2084 679 2147; x_wconf 87' lang='lat' dir='ltr'>A.</span> <span class='ocrx_word' id='word_1_117' title='bbox 710 2083 756 2146; x_wconf 84' lang='lat' dir='ltr'>Et</span> <span class='ocrx_word' id='word_1_118' title='bbox 778 2082 1029 2165; x_wconf 81' lang='lat' dir='ltr'>rectequidem.</span> 
     </span>
     <span class='ocr_line' id='line_1_18' title="bbox 132 2185 1030 2272; baseline -0.002 -22"><span class='ocrx_word' id='word_1_119' title='bbox 132 2185 199 2250; x_wconf 85' lang='lat' dir='ltr'>Sed</span> <span class='ocrx_word' id='word_1_120' title='bbox 230 2209 316 2270; x_wconf 88' lang='lat' dir='ltr'>quae</span> <span class='ocrx_word' id='word_1_121' title='bbox 345 2187 482 2251; x_wconf 79' lang='lat' dir='ltr'>tandem</span> <span class='ocrx_word' id='word_1_122' title='bbox 513 2193 563 2252; x_wconf 82' lang='lat' dir='ltr'>est</span> <span class='ocrx_word' id='word_1_123' title='bbox 585 2185 778 2272; x_wconf 81' lang='lat' dir='ltr'>Epicharmi</span> <span class='ocrx_word' id='word_1_124' title='bbox 806 2186 873 2248; x_wconf 82' lang='lat' dir='ltr'>ista</span> <span class='ocrx_word' id='word_1_125' title='bbox 900 2191 1030 2249; x_wconf 87' lang='lat' dir='ltr'>senten·</span> 
     </span>
     <span class='ocr_line' id='line_1_19' title="bbox 127 2290 295 2355; baseline 0 -1"><span class='ocrx_word' id='word_1_126' title='bbox 127 2290 202 2354; x_wconf 80' lang='lat' dir='ltr'>iia?</span> <span class='ocrx_word' id='word_1_127' title='bbox 248 2291 295 2355; x_wconf 95' lang='grc' dir='ltr'>Μ.</span> 
     </span>
    </p>

    <p class='ocr_par' dir='ltr' id='par_1_4' title="bbox 128 2386 1029 2897">
     <span class='ocr_line' id='line_1_20' title="bbox 227 2386 929 2474; baseline 0 -10"><span class='ocrx_word' id='word_1_128' title='bbox 227 2386 319 2465; x_wconf 66' lang='lat' dir='ltr'>Amori</span> <span class='ocrx_word' id='word_1_129' title='bbox 331 2411 407 2474; x_wconf 84' lang='lat' dir='ltr'>nolc&#39;,·</span> <span class='ocrx_word' id='word_1_130' title='bbox 424 2411 469 2464; x_wconf 84' lang='lat' dir='ltr'>sed</span> <span class='ocrx_word' id='word_1_131' title='bbox 478 2429 517 2464; x_wconf 85' lang='lat' dir='ltr'>me</span> <span class='ocrx_word' id='word_1_132' title='bbox 529 2429 579 2464; x_wconf 77' lang='lat' dir='ltr'>esse</span> <span class='ocrx_word' id='word_1_133' title='bbox 590 2411 718 2464; x_wconf 64' lang='lat' dir='ltr'>mertuum</span> <span class='ocrx_word' id='word_1_134' title='bbox 729 2412 797 2464; x_wconf 72' lang='lat' dir='ltr'>nihil</span> <span class='ocrx_word' id='word_1_135' title='bbox 807 2411 929 2465; x_wconf 66' lang='lat' dir='ltr'>aestimo.</span> 
     </span>
     <span class='ocr_line' id='line_1_21' title="bbox 129 2499 1029 2585; baseline -0.002 -21"><span class='ocrx_word' id='word_1_136' title='bbox 129 2499 169 2564; x_wconf 93' lang='lat' dir='ltr'>A.</span> <span class='ocrx_word' id='word_1_137' title='bbox 198 2500 276 2564; x_wconf 90' lang='lat' dir='ltr'>Jam</span> <span class='ocrx_word' id='word_1_138' title='bbox 292 2521 438 2585; x_wconf 88' lang='lat' dir='ltr'>agnosco</span> <span class='ocrx_word' id='word_1_139' title='bbox 457 2501 633 2563; x_wconf 84' lang='lat' dir='ltr'>Graecum.</span> <span class='ocrx_word' id='word_1_140' title='bbox 680 2499 745 2563; x_wconf 81' lang='lat' dir='ltr'>Sed</span> <span class='ocrx_word' id='word_1_141' title='bbox 769 2501 930 2582; x_wconf 81' lang='lat' dir='ltr'>quoniam</span> <span class='ocrx_word' id='word_1_142' title='bbox 954 2502 1029 2563; x_wconf 79' lang='lat' dir='ltr'>co‘e&#39;·</span> 
     </span>
     <span class='ocr_line' id='line_1_22' title="bbox 128 2603 1028 2689; baseline 0 -23"><span class='ocrx_word' id='word_1_143' title='bbox 128 2604 215 2689; x_wconf 72' lang='lat' dir='ltr'>glan,</span> <span class='ocrx_word' id='word_1_144' title='bbox 231 2610 269 2667; x_wconf 80' lang='lat' dir='ltr'>ut</span> <span class='ocrx_word' id='word_1_145' title='bbox 292 2603 514 2682; x_wconf 88' lang='lat' dir='ltr'>concederem,</span> <span class='ocrx_word' id='word_1_146' title='bbox 530 2605 587 2686; x_wconf 87' lang='lat' dir='ltr'>qui</span> <span class='ocrx_word' id='word_1_147' title='bbox 612 2605 734 2666; x_wconf 78' lang='lat' dir='ltr'>mortui</span> <span class='ocrx_word' id='word_1_148' title='bbox 760 2610 880 2683; x_wconf 77' lang='lat' dir='ltr'>essent,</span> <span class='ocrx_word' id='word_1_149' title='bbox 896 2624 952 2666; x_wconf 88' lang='lat' dir='ltr'>eos</span> <span class='ocrx_word' id='word_1_150' title='bbox 968 2605 1028 2667; x_wconf 91' lang='lat' dir='ltr'>mi·</span> 
     </span>
     <span class='ocr_line' id='line_1_23' title="bbox 128 2707 1028 2796; baseline 0.002 -26"><span class='ocrx_word' id='word_1_151' title='bbox 128 2729 216 2796; x_wconf 76' lang='lat' dir='ltr'>seros</span> <span class='ocrx_word' id='word_1_152' title='bbox 240 2731 307 2771; x_wconf 95' lang='lat' dir='ltr'>non</span> <span class='ocrx_word' id='word_1_153' title='bbox 333 2728 421 2788; x_wconf 78' lang='lat' dir='ltr'>esse3</span> <span class='ocrx_word' id='word_1_154' title='bbox 444 2707 571 2794; x_wconf 88' lang='lat' dir='ltr'>perfice,</span> <span class='ocrx_word' id='word_1_155' title='bbox 588 2710 616 2772; x_wconf 87' lang='lat' dir='ltr'>si</span> <span class='ocrx_word' id='word_1_156' title='bbox 639 2714 743 2794; x_wconf 71' lang='lat' dir='ltr'>poteS,</span> <span class='ocrx_word' id='word_1_157' title='bbox 764 2714 804 2771; x_wconf 81' lang='lat' dir='ltr'>ut</span> <span class='ocrx_word' id='word_1_158' title='bbox 825 2729 867 2771; x_wconf 90' lang='lat' dir='ltr'>ne</span> <span class='ocrx_word' id='word_1_159' title='bbox 890 2709 1028 2772; x_wconf 87' lang='lat' dir='ltr'>morien·</span> 
     </span>
     <span class='ocr_line' id='line_1_24' title="bbox 129 2811 805 2897; baseline 0.001 -24"><span class='ocrx_word' id='word_1_160' title='bbox 129 2811 210 2874; x_wconf 89' lang='lat' dir='ltr'>dum</span> <span class='ocrx_word' id='word_1_161' title='bbox 226 2812 361 2894; x_wconf 88' lang='lat' dir='ltr'>quidem</span> <span class='ocrx_word' id='word_1_162' title='bbox 377 2834 448 2875; x_wconf 83' lang='lat' dir='ltr'>esse</span> <span class='ocrx_word' id='word_1_163' title='bbox 464 2814 621 2875; x_wconf 87' lang='lat' dir='ltr'>miserum</span> <span class='ocrx_word' id='word_1_164' title='bbox 642 2818 768 2897; x_wconf 79' lang='lat' dir='ltr'>putem.</span> <span class='ocrx_word' id='word_1_165' title='bbox 801 2835 805 2840; x_wconf 91' lang='lat'>·</span> 
     </span>
    </p>

    <p class='ocr_par' dir='ltr' id='par_1_5' title="bbox 125 2913 1027 3627">
     <span class='ocr_line' id='line_1_25' title="bbox 173 2913 1027 3002; baseline 0.004 -24"><span class='ocrx_word' id='word_1_166' title='bbox 173 2913 223 2978; x_wconf 88' lang='grc'>16.</span> <span class='ocrx_word' id='word_1_167' title='bbox 247 2917 293 2979; x_wconf 92' lang='grc' dir='ltr'>Μ.</span> <span class='ocrx_word' id='word_1_168' title='bbox 322 2917 400 2981; x_wconf 91' lang='lat' dir='ltr'>Jam</span> <span class='ocrx_word' id='word_1_169' title='bbox 423 2916 515 2980; x_wconf 82' lang='lat' dir='ltr'>istud</span> <span class='ocrx_word' id='word_1_170' title='bbox 538 2917 674 2998; x_wconf 89' lang='lat' dir='ltr'>quidem</span> <span class='ocrx_word' id='word_1_171' title='bbox 698 2916 780 2980; x_wconf 92' lang='lat' dir='ltr'>nihil</span> <span class='ocrx_word' id='word_1_172' title='bbox 807 2917 932 3002; x_wconf 80' lang='lat' dir='ltr'>negotii</span> <span class='ocrx_word' id='word_1_173' title='bbox 956 2922 1027 2998; x_wconf 79' lang='lat' dir='ltr'>est3</span> 
     </span>
     <span class='ocr_line' id='line_1_26' title="bbox 128 3020 1027 3107; baseline 0.004 -24"><span class='ocrx_word' id='word_1_174' title='bbox 128 3020 187 3083; x_wconf 81' lang='lat' dir='ltr'>sed</span> <span class='ocrx_word' id='word_1_175' title='bbox 212 3022 313 3083; x_wconf 83' lang='lat' dir='ltr'>etiarn</span> <span class='ocrx_word' id='word_1_176' title='bbox 336 3022 464 3106; x_wconf 89' lang='lat' dir='ltr'>majora</span> <span class='ocrx_word' id='word_1_177' title='bbox 484 3021 608 3084; x_wconf 86' lang='lat' dir='ltr'>molior.</span> <span class='ocrx_word' id='word_1_178' title='bbox 655 3021 694 3084; x_wconf 91' lang='lat' dir='ltr'>A.</span> <span class='ocrx_word' id='word_1_179' title='bbox 728 3020 808 3098; x_wconf 82' lang='lat' dir='ltr'>Quo</span> <span class='ocrx_word' id='word_1_180' title='bbox 835 3021 936 3107; x_wconf 88' lang='lat' dir='ltr'>modo</span> <span class='ocrx_word' id='word_1_181' title='bbox 964 3023 1027 3087; x_wconf 88' lang='lat' dir='ltr'>hoc</span> 
     </span>
     <span class='ocr_line' id='line_1_27' title="bbox 127 3124 1027 3209; baseline 0.003 -22"><span class='ocrx_word' id='word_1_182' title='bbox 127 3124 209 3188; x_wconf 89' lang='lat' dir='ltr'>nihil</span> <span class='ocrx_word' id='word_1_183' title='bbox 239 3127 364 3209; x_wconf 77' lang='lat' dir='ltr'>negotii</span> <span class='ocrx_word' id='word_1_184' title='bbox 387 3125 461 3189; x_wconf 78' lang='lat' dir='ltr'>esi?</span> <span class='ocrx_word' id='word_1_185' title='bbox 493 3132 552 3190; x_wconf 79' lang='lat' dir='ltr'>aut</span> <span class='ocrx_word' id='word_1_186' title='bbox 578 3146 666 3208; x_wconf 87' lang='lat' dir='ltr'>quae</span> <span class='ocrx_word' id='word_1_187' title='bbox 692 3131 771 3188; x_wconf 87' lang='lat' dir='ltr'>sunt</span> <span class='ocrx_word' id='word_1_188' title='bbox 798 3126 935 3190; x_wconf 84' lang='lat' dir='ltr'>tandem</span> <span class='ocrx_word' id='word_1_189' title='bbox 960 3128 1027 3190; x_wconf 79' lang='lat' dir='ltr'>isia</span> 
     </span>
     <span class='ocr_line' id='line_1_28' title="bbox 126 3229 1026 3315; baseline 0.001 -21"><span class='ocrx_word' id='word_1_190' title='bbox 126 3229 279 3315; x_wconf 75' lang='lat' dir='ltr'>majora?</span> <span class='ocrx_word' id='word_1_191' title='bbox 324 3230 372 3293; x_wconf 87' lang='lat' dir='ltr'>M.</span> <span class='ocrx_word' id='word_1_192' title='bbox 406 3230 681 3313; x_wconf 75' lang='lat' dir='ltr'>Quia,quoniam</span> <span class='ocrx_word' id='word_1_193' title='bbox 697 3235 928 3315; x_wconf 75' lang='lat' dir='ltr'>postmortem</span> <span class='ocrx_word' id='word_1_194' title='bbox 945 3231 1026 3295; x_wconf 92' lang='lat' dir='ltr'>nihil</span> 
     </span>
     <span class='ocr_line' id='line_1_29' title="bbox 126 3335 1025 3421; baseline -0.002 -21"><span class='ocrx_word' id='word_1_195' title='bbox 126 3343 176 3401; x_wconf 80' lang='lat' dir='ltr'>est</span> <span class='ocrx_word' id='word_1_196' title='bbox 191 3336 281 3414; x_wconf 89' lang='lat' dir='ltr'>mali,</span> <span class='ocrx_word' id='word_1_197' title='bbox 297 3357 339 3398; x_wconf 89' lang='lat' dir='ltr'>ne</span> <span class='ocrx_word' id='word_1_198' title='bbox 355 3357 442 3400; x_wconf 88' lang='lat' dir='ltr'>mors</span> <span class='ocrx_word' id='word_1_199' title='bbox 468 3337 605 3418; x_wconf 90' lang='lat' dir='ltr'>quidem</span> <span class='ocrx_word' id='word_1_200' title='bbox 620 3341 672 3398; x_wconf 83' lang='lat' dir='ltr'>est</span> <span class='ocrx_word' id='word_1_201' title='bbox 686 3335 824 3413; x_wconf 88' lang='lat' dir='ltr'>malum,</span> <span class='ocrx_word' id='word_1_202' title='bbox 840 3337 895 3398; x_wconf 89' lang='lat' dir='ltr'>cui</span> <span class='ocrx_word' id='word_1_203' title='bbox 919 3336 1025 3421; x_wconf 86' lang='lat' dir='ltr'>proxi-</span> 
     </span>
     <span class='ocr_line' id='line_1_30' title="bbox 125 3439 1026 3526; baseline -0.001 -21"><span class='ocrx_word' id='word_1_204' title='bbox 125 3463 221 3505; x_wconf 90' lang='lat' dir='ltr'>mum</span> <span class='ocrx_word' id='word_1_205' title='bbox 237 3448 370 3526; x_wconf 81' lang='lat' dir='ltr'>ternpus</span> <span class='ocrx_word' id='word_1_206' title='bbox 386 3447 437 3504; x_wconf 78' lang='lat' dir='ltr'>est</span> <span class='ocrx_word' id='word_1_207' title='bbox 451 3446 528 3525; x_wconf 79' lang='lat' dir='ltr'>post</span> <span class='ocrx_word' id='word_1_208' title='bbox 542 3445 692 3519; x_wconf 84' lang='lat' dir='ltr'>mortem,</span> <span class='ocrx_word' id='word_1_209' title='bbox 708 3440 825 3521; x_wconf 90' lang='lat' dir='ltr'>inquo</span> <span class='ocrx_word' id='word_1_210' title='bbox 848 3439 928 3502; x_wconf 92' lang='lat' dir='ltr'>mali</span> <span class='ocrx_word' id='word_1_211' title='bbox 943 3439 1026 3504; x_wconf 91' lang='lat' dir='ltr'>nihil</span> 
     </span>
     <span class='ocr_line' id='line_1_31' title="bbox 127 3543 1025 3627; baseline -0.006 -17"><span class='ocrx_word' id='word_1_212' title='bbox 127 3567 198 3610; x_wconf 86' lang='lat' dir='ltr'>esse</span> <span class='ocrx_word' id='word_1_213' title='bbox 222 3546 394 3627; x_wconf 71' lang='lat' dir='ltr'>comedia,</span> <span class='ocrx_word' id='word_1_214' title='bbox 416 3547 465 3610; x_wconf 83' lang='lat' dir='ltr'>ita</span> <span class='ocrx_word' id='word_1_215' title='bbox 490 3567 531 3608; x_wconf 89' lang='lat' dir='ltr'>ne</span> <span class='ocrx_word' id='word_1_216' title='bbox 557 3545 768 3610; x_wconf 86' lang='lat' dir='ltr'>moriendum</span> <span class='ocrx_word' id='word_1_217' title='bbox 794 3543 930 3626; x_wconf 89' lang='lat' dir='ltr'>quidem</span> <span class='ocrx_word' id='word_1_218' title='bbox 953 3564 1025 3606; x_wconf 84' lang='lat' dir='ltr'>esse</span> 
     </span>
    </p>
   </div>
   <div class='ocr_carea' id='block_1_3' title="bbox 0 0 1242 4092">
    <p class='ocr_par' dir='ltr' id='par_1_6' title="bbox 0 0 1242 4092">
     <span class='ocr_line' id='line_1_32' title="bbox 0 0 1242 4092; baseline 0 0"><span class='ocrx_word' id='word_1_219' title='bbox 0 0 1242 4092; x_wconf 95' lang='lat' dir='ltr'> </span> 
     </span>
    </p>
   </div>
  </div>
 </body>
</html>
