2475 4092
219 331 263 397 62
393 353 657 398 ruscunsuanurr
680 353 953 398 nrssnrsrrouuu

218 507 310 571 enim
339 505 433 570 illam
462 506 506 570 ad
534 506 682 572 sollenne
708 514 743 572 et
766 513 893 572 statum
924 505 1139 572 sacrificium

217 631 317 675 curru
342 610 417 675 vehi
442 611 499 695 jus
525 617 613 676 esset
636 612 719 676 satis
740 611 839 697 longe
864 613 906 674 ah
927 611 1057 696 oppido
1088 611 1137 676 sd

218 713 345 794 lanum,
360 722 631 798 morarenturque
648 716 812 801 jumenta,
834 721 915 780 tuuc
931 716 1084 800 juvenes
1100 715 1135 794 ii,

217 841 304 904 quos
326 819 427 884 modo
443 821 624 894 nominavi,
641 827 731 885 veste
746 821 865 906 posite,
886 841 1025 904 corpora
1049 819 1133 885 oleo

217 930 449 1010 perunxerunt,
466 923 509 987 ad
528 925 650 1009 jugum
675 929 892 988 accesserunt
937 925 991 988 Itu
1019 945 1130 988 sacer-

217 1027 280 1092 dos
296 1027 435 1092 advecta
449 1028 483 1090 in
499 1025 627 1108 sanum,
641 1049 747 1111 quum
763 1049 876 1092 currus
890 1033 979 1092 esset
998 1028 1129 1094 duetus

217 1153 240 1197 a
254 1130 341 1212 filiis,
356 1140 490 1217 precata
504 1153 525 1196 a
540 1132 603 1196 dea
626 1132 755 1213 dicitur,
780 1139 820 1197 ut
842 1131 907 1196 illis
933 1134 1127 1217 praemium

216 1235 312 1300 daret
335 1256 393 1320 pro
418 1236 543 1320 pietate
567 1236 658 1319 quod
685 1238 869 1301 maximum
895 1236 1025 1300 homiui
1051 1237 1128 1300 dari

217 1348 333 1426 posset
353 1362 375 1404 a
394 1341 475 1421 deo;
497 1347 575 1426 post
597 1341 751 1427 epulatos
777 1363 856 1406 cum
882 1347 986 1406 matre
1012 1341 1127 1406 adole·

217 1452 347 1508 scentes
371 1467 491 1509 somno
516 1467 553 1509 se
579 1445 719 1525 dedisse,
746 1468 846 1510 mane
869 1447 1024 1510 inventos
1048 1469 1126 1511 esse

217 1555 376 1613 mortuos.
422 1549 495 1614 114.
520 1549 631 1614 Simili
647 1552 835 1636 precatione
853 1551 1066 1635 Trophonius
1089 1558 1126 1615 et

220 1655 412 1740 Agamedes
445 1656 498 1719 usi
531 1655 706 1720 dicuntur:
736 1657 804 1740 qui,
835 1677 939 1739 quum
971 1656 1125 1741 Apollini

218 1756 357 1844 Delphis
386 1758 551 1843 templum
580 1758 896 1838 exaedificavisseut‚
922 1767 1123 1824 venerantes

216 1863 319 1927 deum
335 1864 522 1949 petiverunt
536 1864 721 1927 mercedem
742 1885 811 1928 non
829 1886 965 1950 parvam
980 1865 1122 1947 quidem

216 1970 324 2053 operis
343 1975 377 2031 et
397 1967 518 2032 laboris
543 1970 605 2048 sui,
620 1969 702 2032 nihil
727 1970 816 2048 certi,
832 1968 891 2032 sed
915 1969 1006 2053 quod
1031 1977 1122 2034 esset

216 2074 383 2156 optimum
408 2073 546 2136 homini.
593 2073 727 2151 Quibus
755 2073 875 2159 Apollo
900 2095 935 2138 se
961 2074 997 2137 id
1023 2075 1121 2140 datu·

215 2196 289 2240 rum
315 2176 460 2240 ostendit
486 2184 562 2262 post
584 2179 656 2263 ejus
682 2178 749 2242 diei
769 2178 858 2242 diem
882 2179 1037 2242 tertium:
1059 2181 1119 2262 qui

215 2287 255 2345 ut
269 2280 386 2361 illuxit,
397 2283 520 2345 mortui
536 2289 615 2346 suut
628 2284 756 2368 reperti.
792 2283 998 2348 iudicavisse
1015 2283 1118 2348 deum

215 2387 341 2465 dicunt,
356 2393 390 2450 et
405 2408 483 2450 eum
499 2388 634 2470 quidem
651 2388 761 2467 deum,
777 2389 832 2451 cui
846 2388 963 2471 reliqui
978 2389 1026 2452 dii
1041 2410 1119 2454 cou-

215 2494 400 2571 cessissent‚
414 2498 454 2556 ut
468 2499 595 2577 praeter
609 2499 735 2556 ceteros
751 2493 920 2557 divinaret.

261 2596 423 2662 XLVIII.
457 2595 601 2661 Affertur
638 2598 741 2660 etiam
771 2597 812 2660 de
845 2596 960 2660 Sileno
995 2594 1116 2662 sabella

215 2703 392 2786 quaedam,
412 2702 479 2784 qui,
504 2723 609 2783 quum
632 2722 653 2763 a
671 2701 766 2764 Mida
790 2707 907 2785 captus
932 2707 1028 2780 esset,
1053 2701 1116 2766 hoc

142 2806 148 2836 ⁸
215 2809 247 2870 ei
273 2808 418 2871 muneris
440 2827 497 2891 pro
525 2826 586 2868 sua
610 2806 768 2868 missione
790 2805 921 2870 dedisse
948 2805 1115 2870 scribitur:

214 2911 368 2974 docuisse
394 2932 516 2996 regem,
540 2931 608 2974 non
633 2911 725 2974 nasci
752 2911 880 2974 homini
909 2909 1008 2994 longe
1033 2912 1115 2996 opti·

214 3034 310 3077 mum
340 3035 429 3094 esse3
462 3015 651 3100 proximum
682 3020 805 3093 autern,
835 3035 939 3096 quam
970 3015 1114 3099 primum

214 3119 309 3182 mori.
363 3118 435 3181 115.
462 3118 543 3196 Qua
574 3124 625 3181 est
650 3119 814 3182 sententia
843 3119 878 3182 in
912 3119 1114 3204 Cresphonte

213 3243 297 3286 usus
314 3221 509 3305 Euripides:

355 3326 425 3379 Nom
436 3326 481 3379 ads
493 3324 598 3389 decem,
611 3327 694 3378 ootlru
706 3325 862 3392 celebrantes,
876 3325 977 3380 domm

354 3413 470 3483 Lugire,
482 3413 524 3466 noi
536 3421 597 3465 esser
608 3410 705 3482 dliquis
717 3413 745 3465 in
756 3414 835 3466 lucen
846 3413 939 3479 edito,

354 3498 491 3552 Hunrdnue
501 3502 568 3551 uitae
578 3500 652 3551 viria
663 3501 808 3568 reputantis
820 3500 905 3562 mola,-

353 3587 400 3650 At,
415 3585 459 3653 qul
470 3585 564 3637 laborer
575 3584 653 3636 mdrte
660 3585 763 3650 finisset
775 3602 879 3655 graues,

355 3671 433 3724 Hune
443 3673 513 3726 domi
524 3671 617 3723 amicos
630 3671 702 3724 lotide
714 3681 737 3725 et
748 3674 844 3726 laetitia
856 3674 964 3744 issem.
