2475 4092
241 317 286 383 74
517 339 670 384 souruuir
692 339 864 384 sommum.

241 491 300 574 qui
315 490 359 555 ad
379 492 521 556 multam
542 497 674 556 noctem
696 492 895 578 vigilassem,
910 493 1018 573 artior,
1034 514 1152 576 quam

240 596 376 675 solebat,
387 618 525 661 somnus
539 580 731 682 complexus
746 605 805 662 est
844 598 910 662 Hic
924 600 1006 662 mihi
1025 599 1150 684 (credo

239 701 393 786 equidem
416 723 457 764 ex
479 702 551 781 hoc,
568 701 658 784 quod
685 723 816 766 eramus
835 703 955 767 locuti:
982 702 1022 766 fit
1045 705 1148 766 enim

237 805 304 870 lere
325 812 365 870 ut
382 807 600 891 cogitationes
620 827 852 889 sermonesque
879 808 981 870 nostri
1001 809 1147 892 pariant

237 911 362 995 aliquid
384 911 420 974 in
442 931 559 974 somno
575 909 649 990 tale,
664 909 763 993 quale
785 910 827 975 de
850 911 997 976 Homero
1023 913 1146 976 scribit

236 1016 378 1095 Ennius,
389 1014 430 1079 de
445 1035 513 1097 quo
523 1013 676 1078 videlicet
691 1015 883 1100 saepissime
894 1014 1036 1100 vigilans
1052 1017 1143 1079 sole·

234 1123 294 1184 bat
313 1121 457 1206 cogitare
481 1126 515 1181 et
537 1119 642 1203 loqui)
665 1117 838 1182 Africanus
861 1139 896 1182 se
920 1119 1080 1198 ostendit,
1099 1141 1143 1184 ea

233 1223 350 1304 sonna,
361 1245 447 1308 quae
462 1223 544 1286 mihi
558 1243 599 1284 ex
614 1223 761 1307 imagine
776 1223 856 1307 ejus,
871 1244 974 1305 quam
990 1245 1032 1286 ex
1048 1225 1141 1308 ipso,

234 1336 306 1394 erat
321 1329 435 1392 notior.
476 1327 587 1404 Quem
603 1332 644 1390 ut
658 1329 789 1412 agnovi,
800 1328 954 1410 equidem
970 1329 1139 1392 cohorrui.

236 1433 306 1498 Sed
327 1432 391 1511 ille,
413 1439 431 1472 “
444 1431 561 1509 Ades‚''
584 1432 702 1514 inquit,
724 1433 875 1510 “enimo,
895 1437 929 1495 et
950 1433 1072 1495 omitte
1098 1436 1138 1496 ti·

232 1559 367 1618 morem,
386 1537 509 1622 Scipio,
524 1542 567 1616 et,
581 1556 667 1619 quae
683 1535 802 1614 dicam,
817 1536 909 1600 trade
924 1539 1121 1601 memoriae.

277 1645 319 1710 II.
340 1652 358 1686 ‘⁴
370 1643 518 1707 Videsne
530 1642 621 1705 illam
637 1643 761 1720 urbem,
773 1661 868 1724 quae,
879 1662 990 1725 parere
1002 1643 1134 1726 populo

233 1749 387 1815 Romano
411 1753 528 1812 coacta
552 1765 611 1832 per
634 1765 698 1824 me,
721 1751 857 1809 renovat
873 1747 1012 1830 pristina
1032 1746 1132 1826 bella,

230 1877 292 1922 nec
316 1860 425 1941 potest
447 1849 638 1936 quiescere?
670 1850 882 1935 (ostendebat
905 1857 1017 1914 autem
1049 1851 1131 1915 Kar·

227 1961 401 2046 thaginem
423 1958 464 2021 de
480 1956 617 2035 excelso,
632 1961 667 2018 et
687 1955 786 2040 pleno
808 1953 985 2031 stellarum,
1000 1955 1130 2034 illustri,

228 2071 263 2129 et
283 2065 370 2128 claro
395 2061 542 2145 quodam
560 2059 656 2143 loco,)
680 2060 722 2122 ad
748 2079 850 2142 quam
874 2066 912 2122 tu
930 2081 1128 2144 oppugnan-

228 2169 307 2234 dam
321 2188 408 2230 nunc
420 2167 512 2228 venis
529 2185 634 2250 paene
646 2162 764 2226 miles?
803 2163 900 2228 Hane
913 2164 973 2228 hoc
989 2166 1126 2228 biennio

227 2272 343 2338 consul
369 2277 503 2348 evertes,
517 2271 643 2352 eritque
669 2289 854 2353 cognomen
878 2269 913 2332 id
934 2271 995 2332 tibi
1018 2291 1076 2354 per
1092 2277 1123 2334 te

226 2385 369 2466 partum,
384 2375 475 2458 quod
490 2376 591 2437 habes
606 2374 716 2437 adhue
731 2395 751 2436 a
767 2375 862 2436 nobis
881 2374 1122 2438 hereditarium.

229 2483 346 2561 Quum
359 2487 473 2544 autem
493 2478 728 2562 Karthaginem
740 2477 905 2556 deleveris,
917 2479 1120 2562 triumphum

227 2589 340 2674 egeris,
366 2603 545 2666 censorque
571 2580 680 2659 fueris,
701 2586 736 2644 et
762 2582 880 2644 obieris
903 2582 1034 2668 legatus
1057 2585 1118 2648 Ae·

99 2770 101 2775 ,
226 2699 376 2780 gyptum,
393 2689 535 2774 Syriam,
554 2687 681 2764 Asiam,
699 2685 885 2764 Graeciam,
900 2687 1040 2772 deligere
1060 2690 1116 2752 ite

223 2820 298 2863 rum
313 2794 429 2859 consul
451 2795 579 2869 absens,
601 2790 790 2873 bellumque
813 2791 996 2854 maximum
1017 2792 1115 2856 confi·

223 2904 300 2980 cies,
311 2898 530 2963 Numantiam
541 2894 720 2958 exscindes.
756 2894 822 2957 Sed
835 2915 938 2977 quum
950 2897 1011 2958 eris
1023 2917 1114 2960 curru

222 3008 258 3071 in
283 3003 486 3088 Capitolium
507 3001 666 3076 invectus,
689 2996 834 3060 offendes
859 3019 926 3061 rem
950 2999 1112 3082 publicam

222 3109 446 3198 perturbatam
462 3103 606 3167 consiliis
624 3103 752 3185 nepotis
767 3102 843 3164 mei.
888 3101 954 3164 Hic
968 3108 1016 3181 tu,
1034 3102 1111 3167 Afri·

221 3235 315 3292 cane,
339 3209 494 3274 ostendas
524 3206 687 3292 oportebit
711 3206 837 3289 patriae
863 3204 975 3269 lumen
1002 3209 1109 3288 animi,
1199 3231 1201 3236 ·

221 3319 356 3405 ingenii,
371 3313 565 3395 consiliique
579 3312 639 3374 tui.
687 3309 755 3373 Sed
778 3311 850 3394 ejus
875 3312 1032 3396 temporis
1056 3335 1107 3377 an-

218 3427 354 3511 cipitem
376 3418 474 3482 video
494 3417 591 3500 quasi
606 3413 749 3478 satorum
764 3415 862 3477 viam.
909 3415 996 3478 Nam
1009 3437 1107 3498 quum

219 3536 312 3592 aetas
326 3533 387 3590 tua
401 3529 555 3606 septenos
570 3520 673 3582 octies
689 3518 767 3581 solis
790 3516 955 3584 anfractus
975 3521 1105 3587 reditus·
