2475 4092
380 365 489 409 ursan.
512 366 533 409 1.
579 367 650 410 ose.
672 365 732 409 xrr.
974 341 1017 407 15

119 520 195 607 Ego
219 520 310 584 enim
335 519 427 584 istud
455 521 567 606 ipsum
597 540 709 584 vereor
735 539 776 582 ne
806 518 934 583 malum
965 515 1018 598 sit,

117 647 186 690 non
209 625 284 689 dico
305 645 413 688 carere
435 647 546 703 sensu,
564 625 623 688 sed
641 623 821 688 carendum
844 645 924 687 esse.
969 623 1019 688 M.

120 731 321 795 Auctoribus
345 729 482 813 quidem
502 731 546 794 ad
566 731 668 794 istam
689 729 900 808 sententiam,
915 749 1018 811 quam

118 836 168 898 vis
181 835 330 914 obtineri,
343 835 393 898 uti
405 836 540 919 optimis
552 855 746 919 possumus:
762 834 852 918 quod
865 833 898 896 in
912 833 1017 897 omni·

117 943 181 1004 bus
196 940 306 1004 causis
322 945 356 1003 et
369 939 469 1004 debet
484 945 518 1003 et
533 940 617 1004 solet
632 938 739 1003 valere
761 939 961 1024 plurimum:
984 945 1018 1004 et

118 1045 263 1130 primum
293 1045 429 1127 quidem
459 1045 552 1108 omni
581 1045 802 1127 antiquitate;
833 1066 921 1127 quae
949 1065 1018 1127 quo

118 1149 252 1233 propius
276 1151 390 1212 aberat
412 1150 455 1211 ab
476 1155 550 1212 ortu
574 1153 609 1210 et
632 1148 746 1212 divina
764 1149 930 1234 progenie,
956 1149 1020 1214 hoc

118 1253 238 1316 melius
253 1275 294 1316 ea
309 1251 455 1332 sortasse,
471 1274 556 1336 quae
572 1258 763 1331 manirera,
779 1256 941 1318 cernebat

162 1358 213 1421 27.
238 1358 355 1439 Itaque
367 1379 473 1422 unum
484 1358 566 1421 illud
580 1363 650 1421 erat
664 1357 804 1422 insitum
820 1359 933 1443 priscis
945 1359 1020 1437 illis,

118 1485 202 1546 quos
218 1484 326 1528 cascos
345 1463 491 1548 appellat
513 1463 656 1542 Ennius,
671 1483 743 1526 esse
767 1463 802 1526 in
826 1469 931 1526 morte
948 1484 1022 1528 sen·

118 1590 204 1646 sum,
220 1589 327 1650 neque
351 1589 487 1632 excessu
502 1569 592 1631 vitae
608 1569 656 1631 sio
670 1567 769 1630 deleri
786 1568 966 1648 hominem,
981 1573 1022 1632 ut

118 1671 268 1736 funditus
291 1673 456 1752 interiret3
487 1673 588 1754 idque
609 1693 713 1754 quum
738 1672 854 1736 multis
878 1673 952 1736 aliis
973 1693 1019 1736 re·

119 1779 192 1856 bus,
207 1783 281 1840 tum
296 1798 315 1838 e
330 1775 501 1861 pontificio
522 1777 596 1861 jure
620 1782 654 1839 et
680 1777 890 1840 caerimoniis
914 1777 1021 1861 sepul·

120 1902 248 1944 crorum
260 1881 400 1965 intelligi
411 1880 498 1959 licet,
510 1902 595 1962 quas
608 1881 764 1943 maximis
776 1881 918 1965 ingeniis
930 1901 1022 1965 prae·

120 1985 182 2048 diti
204 2005 265 2048 nec
286 1990 381 2048 tanta
401 2005 480 2047 cura
499 1984 690 2064 coluissent,
706 2005 768 2047 nec
788 1982 929 2048 violatas
948 1990 1022 2050 tam

119 2088 312 2175 inexpiabili
334 2088 490 2173 religione
515 2089 712 2168 sanxissent,
735 2090 801 2153 nisi
822 2090 968 2153 haereret
984 2090 1022 2154 in

119 2215 235 2258 eorum
264 2194 442 2272 mentibus,
472 2199 613 2256 mortem
644 2214 711 2257 non
741 2194 914 2258 interitum
947 2216 1021 2258 esse

119 2301 234 2364 omnia
258 2299 432 2362 tollentem
453 2304 554 2380 atque
577 2298 752 2379 delentem,
768 2300 828 2363 sed
847 2299 1021 2382 quandam

118 2405 216 2488 quasi
253 2403 486 2489 migrationem
522 2404 890 2487 commutationemque
922 2405 1022 2483 vitae,

119 2531 206 2592 quae
229 2509 265 2573 in
291 2508 387 2572 claris
410 2508 487 2570 viris
514 2513 549 2570 et
571 2505 705 2571 feminis
734 2507 803 2572 dux
829 2510 864 2572 in
891 2509 1022 2574 caelum

120 2614 238 2678 soleret
263 2634 343 2692 esse,
365 2605 401 2676 in
423 2613 538 2676 ceteris
566 2613 660 2677 humi
683 2613 875 2677 retineretur
897 2620 931 2676 et
952 2634 1024 2698 per·

120 2724 269 2782 maneret
289 2724 413 2782 tamen.
457 2715 508 2781 28.
533 2717 585 2780 Ex
607 2719 670 2781 hoc
693 2723 727 2781 et
744 2723 929 2780 nostrorum
953 2717 1023 2802 opi·

121 2823 221 2885 nione
241 2821 395 2886 Romarm
413 2823 449 2885 in
467 2822 555 2885 caet>
577 2843 646 2885 cum
662 2821 712 2885 dis
738 2823 809 2905 agtt
835 2841 954 2900 cenant,
974 2826 1023 2901 ut,

40 2969 42 2972 -
121 2923 231 2988 famae
246 2927 439 3004 assentiens,
452 2924 536 2989 dixit
552 2925 693 3004 Ennius,
709 2931 743 2988 et
758 2925 849 3010 apud
867 2925 1022 3005 Graecos,

119 3028 265 3112 indeque
280 3029 450 3114 perlapsus
466 3030 508 3093 ad
525 3051 586 3092 nos
603 3035 637 3093 et
651 3050 758 3112 usque
774 3029 818 3092 ad
836 3030 1023 3111 Oceanum,

123 3134 281 3198 Hercules
301 3139 415 3197 tantus
436 3139 470 3197 et
495 3139 567 3197 tam
594 3155 748 3218 praesens
769 3134 908 3198 habetur
931 3135 1025 3199 deus.

123 3239 213 3304 Hinc
244 3238 352 3317 Liber,
384 3237 518 3303 Semela
554 3245 666 3318 natus,
696 3238 881 3324 eademque
911 3238 1024 3302 famae

121 3344 308 3409 celebritate
340 3342 552 3428 Tyndaridae
582 3342 708 3424 fratres,
735 3345 795 3426 qui
823 3364 891 3407 nou
921 3341 1024 3407 modo

122 3448 288 3532 adjutores
321 3447 356 3510 in
380 3446 511 3532 proeliis
535 3447 691 3511 victoriae
721 3447 836 3532 populi
868 3444 1025 3524 Romani,

123 3552 181 3617 sed
211 3553 313 3617 etiarn
344 3551 454 3615 nuntii
490 3549 594 3615 luisse
622 3551 843 3637 perhibentur.
905 3547 1025 3628 Qud!
