2475 4092
340 357 442 400 arnan
463 357 485 400 1.
529 358 600 400 our.
623 357 739 400 xxxix.
762 356 816 400 xu.
979 333 1021 400 51

120 509 232 590 nullis,
247 510 276 572 si
290 511 360 574 vita
374 509 503 595 longior
521 510 661 590 daretur,
676 517 790 595 posset
811 532 884 576 esse
902 511 1019 596 jucun·

121 615 202 679 dior.
248 614 342 678 Nihil
354 601 446 678 enim
461 620 512 678 est
526 615 672 700 prolecto
696 616 824 679 homini
849 615 1022 701 prudentia

120 718 264 798 dulcius,
279 739 390 802 quaro,
404 723 444 782 ut
458 724 565 782 cetera
587 717 725 799 auferat,
748 718 841 784 affert
866 725 952 784 certe
974 739 1024 784 se-

123 830 251 888 neotus.

172 927 271 1005 Quae
287 949 364 991 vero
380 934 473 991 aetas
487 928 589 1014 longa
604 928 677 992 est?
700 934 761 992 aut
782 928 865 1011 quid
886 930 1022 994 omnino

25 1046 29 1050 ’
122 1032 253 1097 homini
266 1032 429 1119 longum?
452 1055 563 1097 nonne

142 1171 221 1225 Modo
231 1190 334 1242 pateres,
346 1177 421 1225 modo
432 1171 608 1239 ddoleseentes,
620 1172 650 1226 la
662 1189 738 1226 mrsu
751 1191 767 1226 a
778 1181 837 1244 terg
838 1191 852 1226 o
865 1172 1006 1243 insequens,

142 1259 198 1312 Nec
208 1261 340 1330 opinantur
351 1261 465 1315 toruae
476 1268 513 1313 est

123 1364 301 1428 senectus?
325 1365 383 1428 sed
398 1366 479 1448 quia
493 1365 579 1428 ultra
594 1364 676 1428 nihil
692 1365 863 1446 habemus,
879 1365 941 1430 hoe
955 1367 1024 1430 lon-

123 1489 207 1554 gum
234 1468 386 1533 dicimus.
433 1469 559 1533 Omnia
583 1470 658 1548 ista,
684 1469 818 1554 perinde
843 1477 882 1534 ut
905 1473 1025 1554 cuique

124 1573 207 1637 data
222 1579 301 1637 sunt
316 1595 374 1658 pro
396 1579 470 1637 rata
492 1579 593 1659 parte,
608 1574 659 1636 ita
674 1579 734 1637 aut
757 1573 867 1660 longa,
882 1582 941 1640 aut
956 1580 1025 1640 bre·

122 1678 181 1741 via
201 1677 366 1741 dicuntur.
413 1677 514 1761 Apud
540 1677 714 1762 Hypanim
735 1676 884 1758 fluvium,
899 1681 956 1762 qui
981 1683 1024 1744 ab

126 1782 283 1866 Europae
299 1783 440 1868 partein
459 1781 605 1845 Pontum
622 1781 742 1860 influit,
759 1782 952 1848 Aristoteles
968 1785 1025 1864 ait,

125 1887 284 1950 bestiolas
313 1887 477 1970 quasdam
503 1887 605 1966 nasci,
629 1907 716 1968 quae
740 1907 847 1949 unum
871 1887 959 1951 diem
980 1891 1026 1952 vi-

124 1997 216 2055 vant
261 1991 315 2054 Ex
340 1991 391 2055 his
416 1991 518 2076 igitur
543 1991 623 2053 hora
647 1995 765 2053 octava
787 2012 874 2073 quae
895 1999 1027 2058 mortua

125 2101 187 2175 est,
203 2101 356 2180 provecta
372 2101 482 2159 aetate
498 2100 630 2158 mortua
646 2100 715 2174 est3
736 2116 824 2178 quae
846 2117 921 2160 vero
943 2098 1026 2162 occi·

126 2199 227 2263 dente
253 2200 331 2280 sole,
346 2200 531 2284 decrepita;
554 2220 595 2262 eo
616 2200 735 2284 magis,
750 2200 780 2262 si
802 2201 905 2264 etiam
921 2201 1026 2266 solsti-

125 2305 200 2369 tiali
218 2304 282 2368 die.
329 2303 451 2368 Conler
466 2310 611 2368 nostram
627 2304 857 2389 longissimam
881 2312 1025 2372 aetatem

126 2431 203 2474 curn
228 2409 496 2489 aeternitate31n
523 2409 641 2472 eadem
662 2410 903 2493 propemodum
926 2413 1026 2476 brevi·

126 2520 209 2594 tate,
224 2535 292 2597 qua
306 2515 383 2578 illae
398 2513 568 2593 bestiolae,
583 2513 789 2598 reperiemur.

174 2619 248 2683 ΧΗ
292 2618 343 2682 95.
369 2619 634 2682 Contemnamus
654 2618 755 2703 igitur
770 2639 886 2682 omnes
909 2619 1027 2703 inepti-

128 2747 176 2804 as,
196 2725 301 2811 (quod
323 2725 414 2788 enim
435 2723 540 2787 levius
563 2724 641 2787 huie
666 2723 792 2786 levitati
816 2744 937 2786 nomen
966 2725 1027 2786 im·

128 2829 293 2917 ponam‘l)
311 2835 484 2911 totamque
508 2828 577 2890 vim
599 2830 684 2891 bene
708 2827 841 2890 vivendi
863 2827 898 2890 in
923 2829 1027 2892 animi

126 2937 243 2999 robore
272 2957 313 2998 ac
343 2934 583 3020 magnitudine,
610 2938 644 2996 et
672 2933 706 2995 in
738 2933 890 2996 omnium
918 2955 1026 2999 rerum

128 3039 352 3103 humanarum
375 3039 622 3122 contemptione
645 3059 686 3101 ac
703 3036 928 3122 despicientia,
944 3041 1026 3104 etin

129 3145 223 3207 omui
237 3143 358 3206 virtute
382 3163 555 3228 ponamus.
599 3141 690 3205 Nam
713 3163 802 3205 nune
824 3143 958 3225 quidem
974 3166 1028 3208 oo·

129 3248 349 3334 gitationibus
372 3246 574 3310 mollissimis
589 3244 828 3327 effeminamur,
842 3252 890 3327 ut,
906 3249 934 3312 si
949 3255 1028 3313 ante

129 3373 219 3416 mors
256 3351 421 3430 adventet,
450 3372 553 3434 quam
584 3350 830 3415 Chaldaeorum
867 3354 1029 3437 promissa

130 3457 301 3522 consecuti
338 3477 465 3534 sumus,
495 3455 627 3539 spoliati
661 3456 790 3540 magnis
826 3457 1028 3539 quibusdam

130 3563 238 3642 bonis,
249 3561 347 3639 illusi,
358 3560 575 3643 destitutique
589 3558 770 3626 videamur.
807 3559 859 3625 96.
883 3560 1029 3638 Quodsi
