2475 4092
302 357 402 402 uman
424 358 445 400 1.
491 357 561 400 ose.
584 356 703 400 xxxiv.
726 355 831 399 xxxv.
975 333 1018 398 45

118 517 227 576 metat
255 511 477 575 incommoda.
523 510 661 573 Possem
684 508 718 573 id
742 506 857 587 facere,
872 508 935 572 etsi
957 509 1018 572 mi·

119 637 193 695 nus,
205 638 307 699 quam
324 616 387 695 iile,
400 617 457 699 qui
473 616 610 678 omnino
626 614 732 676 vivere
748 612 900 696 expedire
915 614 1018 676 nemi-

119 722 155 785 ni
171 728 275 806 putat
322 720 422 785 Mitto
445 720 545 784 alios:
572 720 717 782 etiamne
736 717 831 780 nobis
855 717 1017 802 expedit?

118 826 178 907 qui
193 831 226 888 et
241 825 433 888 domesticis
449 830 482 887 et
496 822 682 886 forensibus
703 822 829 885 solatiis
845 843 1016 885 omamen-

118 929 228 1011 tisque
255 930 382 1014 privati,
398 935 492 1007 certe,
509 929 536 992 si
560 934 638 991 ante
666 927 913 1006 occidissemus,
928 947 1016 990 mors

118 1054 181 1097 nos
197 1055 217 1096 a
233 1034 338 1115 malis,
355 1055 422 1097 non
438 1034 569 1097 abonis
586 1033 807 1096 abstraxisset

164 1137 308 1201 XXXV.
352 1137 403 1201 85.
428 1137 481 1201 Sit
500 1138 600 1222 igitur
615 1137 744 1219 aliquis,
760 1136 818 1218 qui
841 1135 921 1199 nihil
936 1133 1018 1200 mali

118 1242 249 1321 habeat,
265 1241 394 1305 nullum
410 1263 431 1305 a
445 1239 578 1305 fortuna
597 1241 718 1304 vuinus
741 1240 921 1325 acceperit:
947 1239 1018 1303 Me·

12 1405 13 1408 ,
115 1346 216 1411 tellus
230 1346 285 1409 ille
305 1347 473 1411 honoratis
499 1352 658 1428 quattuor
678 1343 775 1425 filiis3
797 1350 833 1408 at
853 1344 1017 1427 quinqua·

116 1453 211 1538 ginta
228 1451 389 1530 Priamus,
402 1473 420 1514 e
436 1453 557 1534 quibus
573 1450 795 1536 septendecim
809 1451 901 1534 justa
915 1471 1016 1514 uxore

12 1543 13 1548 ἵ
116 1557 214 1620 natis·
260 1556 298 1620 In
325 1561 464 1638 utroque
492 1557 633 1619 eandem
661 1555 778 1618 habuit
803 1552 936 1617 fortuna
958 1575 1015 1639 po·

116 1665 283 1738 testatem,
299 1660 357 1723 sed
379 1682 441 1724 usa
456 1661 490 1723 in
507 1661 609 1724 altero
628 1665 686 1722 est
733 1658 907 1722 Metellum
925 1660 1015 1722 enim

117 1763 217 1826 multi
238 1761 307 1842 filii,
328 1762 426 1843 filiae,
451 1770 598 1849 nepotes,
622 1769 737 1847 neptes
760 1763 795 1825 in
817 1783 935 1847 rogum
954 1764 1016 1825 im-

12 1861 13 1938 J
118 1873 318 1953 posuerunt3
351 1867 521 1931 Priamum
547 1873 643 1930 tanta
669 1867 825 1951 progenie
852 1868 1015 1945 orbatum,

12 1965 13 1970 ¹
117 1992 224 2054 quum
239 1971 272 2034 in
289 1992 381 2034 aram
404 1970 617 2056 confugisset,
633 1972 761 2035 hostilis
783 1991 904 2034 manus
919 1970 1014 2033 inter·

118 2075 209 2138 emit.
266 2075 331 2138 Hic
350 2075 378 2140 si
401 2076 485 2138 vivis
507 2073 593 2154 filiis,
613 2074 774 2137 incolumi
798 2094 910 2159 regno,
932 2073 1016 2137 occi·

117 2179 230 2259 disset,
640 2193 643 2198 ·

504 2300 620 2355 odstdnte
636 2317 682 2370 ope
691 2297 832 2364 barbarico,

377 2387 458 2441 stetis
469 2387 582 2453 colotis,
595 2386 737 2456 ldqneotis:

117 2505 228 2563 utrum
250 2497 387 2562 tandem
403 2519 424 2561 a
447 2499 551 2578 bonis,
566 2520 608 2562 an
626 2520 647 2562 a
667 2497 765 2561 malis
787 2496 1014 2561 discessisset?

119 2603 208 2668 Tum
232 2601 376 2688 profecto
400 2602 563 2666 videretur
589 2624 609 2666 a
636 2603 741 2665 bonis.
800 2603 847 2666 At
872 2606 958 2664 certe
983 2603 1016 2664 ei

117 2707 235 2771 melius
256 2708 428 2788 evenisset,
444 2729 505 2771 nec
519 2713 591 2770 tam
613 2706 765 2771 flebiliter
782 2706 840 2770 ille
862 2726 1015 2770 caneren-

116 2817 186 2875 tur:

361 2931 430 2986 Haec
442 2934 527 2986 dmnia
537 2932 591 2987 vuli
602 2930 769 3000 infldmmort

361 3021 468 3074 Priamt
482 3022 509 3072 vi
521 3021 601 3074 uttam
613 3021 714 3086 evitari,

360 3108 432 3161 Jove
444 3106 518 3161 drom
529 3105 662 3178 sdnguine
673 3106 785 3178 turpare.

120 3229 229 3309 Quasi
255 3251 331 3294 vero
357 3229 423 3292 ista
445 3228 478 3292 vi
504 3228 689 3312 quidquam
718 3232 792 3292 tum
818 3230 962 3314 potuerit
983 3231 1016 3294 ei

117 3335 234 3400 melius
259 3331 422 3398 accidere!
470 3333 572 3410 Quod
601 3334 630 3396 si
656 3338 733 3397 ante
757 3333 939 3412 occidisset,
964 3339 1013 3398 ta

117 3461 193 3505 men
224 3445 380 3504 eventum
415 3439 553 3502 omnino
584 3439 773 3519 amisisset;
811 3439 874 3502 hoc
900 3443 1014 3502 autem

117 3551 264 3632 tempore
294 3566 429 3610 sensum
459 3543 572 3608 amisit
601 3543 773 3609 malorum.
833 3543 884 3608 86.
917 3542 1014 3607 Pom-
