2475 4092
235 280 280 346 48
396 301 660 348 ausemansnuu
683 301 958 346 DlSPU'l‘sslONUU

233 477 295 522 nec
314 477 431 522 sensus
447 458 481 521 in
505 461 657 521 mortuo:
680 475 852 520 necarere
876 453 1016 538 quidem
1040 455 1151 541 igitur

232 562 268 626 in
283 569 416 627 mortuo
431 567 491 626 est

277 666 458 732 XXXVIL
501 664 554 730 89.
579 664 800 748 Quamquam
815 666 896 749 quid
923 687 1010 751 opus
1038 665 1146 728 estin

232 773 296 837 lroc
318 771 551 858 philosophari,
573 792 678 854 quum
700 791 771 834 rem
795 793 862 836 non
885 791 1013 856 magno
1040 791 1145 855 opere

232 876 442 965 philosophia
460 896 556 962 egere
570 875 770 940 videamus?
818 875 962 954 Quoties
978 896 1053 938 non
1071 896 1143 938 mo·

231 979 442 1045 deductores
465 981 577 1058 nostri,
592 979 651 1043 sed
674 981 819 1044 universi
842 977 945 1044 etiarn
969 980 1142 1042 exercitus

231 1084 276 1150 ad
297 1107 365 1150 non
389 1085 529 1148 dubiam
555 1090 695 1148 mortem
722 1081 971 1148 concurrerunt!
1037 1073 1141 1161 Quae

230 1189 367 1272 quidem
390 1191 419 1252 si
434 1189 613 1268 timeretur,
630 1210 697 1252 non
716 1187 753 1252 L
770 1189 903 1267 Brutus,
919 1209 1038 1252 arcens
1058 1210 1140 1252 eum

228 1293 336 1358 reditu
351 1299 541 1379 tyrannum,
556 1313 657 1375 quem
672 1293 744 1378 ipse
760 1292 939 1378 expulerat,
953 1292 990 1356 in
1005 1292 1139 1378 proelio

229 1397 445 1476 concidisset3
477 1416 545 1459 non
571 1417 649 1460 curn
681 1395 812 1460 Latinis
839 1395 1010 1459 decertans
1042 1403 1139 1481 pater

230 1499 363 1579 Decius,
374 1521 452 1564 cum
465 1500 615 1564 Etruscis
630 1497 727 1579 filius,
739 1521 816 1562 cum
835 1499 956 1585 Pyrrho
969 1520 1089 1584 nepos,
1102 1521 1137 1563 se

229 1604 377 1670 hostium
391 1604 466 1668 telis
482 1605 700 1688 objecissent3
723 1624 790 1668 non
813 1624 881 1666 uno
896 1603 984 1667 bello
1001 1625 1062 1689 pro
1078 1627 1136 1690 pa·

227 1711 290 1775 tria
306 1711 462 1774 cadentes
487 1708 677 1793 Scipiones,
685 1708 849 1794 Hispania
870 1709 1015 1788 vidisset,
1035 1709 1136 1774 Paul·

226 1813 299 1880 lum
313 1821 348 1878 et
372 1813 557 1878 Geminum
581 1813 729 1892 Cannae,
747 1811 897 1875 Venusia
922 1811 1134 1894 Marcellum,

229 1921 354 1986 Litana
385 1919 555 1997 Albinum,
594 1917 747 1982 Lucania
782 1917 979 1982 Gracchum.
1037 1918 1133 1983 Num

226 2026 302 2108 quis
339 2025 457 2087 horum
486 2024 586 2086 miser
617 2021 740 2086 hodiel
802 2021 854 2085 Ne
883 2027 957 2086 tum
990 2024 1132 2105 quidem

226 2133 303 2213 post
325 2128 476 2213 spiritum
492 2134 685 2190 extremum.
732 2127 803 2190 Nec
818 2125 908 2190 enim
927 2131 1131 2210 potestesse

226 2233 325 2296 miser
340 2233 517 2314 quisquam
533 2254 634 2296 sensu
650 2237 829 2316 perempto.

270 2336 321 2400 90,
347 2337 393 2399 At
407 2335 442 2397 id
456 2336 568 2420 ipsum
586 2336 742 2400 odiosum
758 2337 905 2415 estsine
928 2357 1030 2401 sensu
1046 2359 1129 2402 esse.

223 2441 457 2519 -Odiosum,
472 2441 501 2503 si
516 2441 550 2503 id
562 2446 650 2503 esset
664 2461 781 2504 carere.
829 2441 948 2520 Quum
963 2463 1042 2505 vero
1057 2464 1128 2527 per-

223 2548 377 2634 spicuum
393 2546 445 2624 sit,
460 2545 543 2608 nihil
568 2545 716 2630 possein
738 2566 778 2608 eo
794 2566 875 2626 esse,
890 2548 948 2629 qui
968 2547 1041 2632 ipse
1057 2569 1129 2612 non

124 2647 136 2666 ‘
223 2655 284 2734 sit3
315 2651 397 2735 quid
427 2655 537 2735 potest
565 2670 637 2712 esse
661 2649 696 2712 in
722 2670 763 2712 eo
787 2650 951 2730 odiorum,
976 2652 1036 2734 qui
1063 2673 1128 2716 nec

222 2764 341 2836 careat,
365 2777 427 2820 nec
457 2752 605 2819 sentiat?
653 2752 872 2836 Quamquam
898 2755 961 2820 hoc
986 2756 1126 2839 quidem

222 2862 323 2925 nimis
347 2881 464 2946 saepe;
496 2859 555 2924 sed
581 2880 632 2938 eo,
656 2859 748 2941 quod
768 2861 803 2922 in
828 2861 891 2924 hoc
904 2860 991 2924 inest
1013 2863 1125 2926 omnis

221 2966 327 3030 animi
355 2966 537 3030 contractio
561 2985 601 3026 ex
627 2969 721 3026 metu
749 2965 873 3028 mortis.
936 2963 1008 3042 Qui
1032 2967 1124 3030 enim

221 3069 303 3134 satis
317 3068 443 3146 viderit,
458 3067 494 3130 id
517 3065 608 3148 quod
632 3072 683 3129 est
705 3064 779 3128 luce
806 3065 933 3147 clarius,
949 3068 1064 3131 animo
1088 3076 1126 3134 et

219 3192 353 3257 corpore
378 3175 578 3254 consumpto
602 3174 741 3252 totoque
762 3171 933 3234 animante
954 3170 1063 3234 deleto
1087 3179 1123 3237 et

218 3278 308 3343 lacto
323 3276 459 3339 interitu
474 3274 636 3352 universo,
651 3273 734 3336 illud
751 3274 887 3354 animal,
899 3273 990 3357 quod
1011 3272 1120 3356 luerit,

219 3381 347 3446 factum
370 3397 442 3438 esse
465 3376 556 3453 nihil,
571 3377 600 3438 is
615 3376 713 3459 plane
737 3379 920 3462 perspiciet,
936 3378 1021 3441 inter
1037 3377 1121 3464 Hip·

220 3487 472 3567 pocentaurum,
501 3478 559 3559 qui
593 3499 766 3562 nunquam
799 3478 907 3561 suerit,
937 3485 971 3545 et
1006 3501 1119 3568 regem
