2475 4092
368 1027 797 1120 SOMNIUM.

477 1294 699 1305 ———--

183 1447 208 1511 1.
234 1446 338 1526 Qoon
353 1447 388 1510 in
402 1444 548 1510 Africam
560 1448 725 1512 venissem
743 1447 941 1513 M.'Manilio
957 1471 1033 1516 con-

138 1553 203 1617 suli
217 1554 259 1617 ad
276 1558 427 1635 quartam
449 1553 614 1638 legionem
630 1554 791 1634 tribunus,
806 1560 845 1618 ut
860 1555 958 1635 scitis
974 1558 1035 1621 mi·

138 1657 246 1736 litum,
261 1657 342 1721 nihil
365 1657 447 1719 mihi
470 1658 580 1742 potius
606 1655 677 1736 suit,
693 1678 795 1740 quam
820 1664 859 1721 ut
881 1659 1035 1724 Masinis·

139 1782 212 1824 sam
235 1761 453 1836 convenirem,
474 1781 587 1846 regem
611 1759 758 1824 familiae
785 1769 914 1826 nostrae
935 1765 1035 1848 justis

138 1865 182 1930 de
211 1866 320 1929 causis
358 1865 607 1929 amicissimum.
670 1865 722 1929 Ad
750 1887 850 1948 quem
882 1873 921 1931 ut
950 1869 1035 1949 veni,

139 1969 332 2055 complexus
347 1991 401 2032 me
417 1990 516 2032 senex
539 1968 781 2048 collacrimavit‚
798 1971 1035 2055 aliquantoque

139 2080 217 2160 post
246 2075 394 2158 suspexit
419 2074 454 2136 in
484 2073 623 2152 caelum,
649 2079 691 2152 et,
717 2081 734 2114 “
747 2074 893 2155 Grates‚''
919 2077 1036 2159 inquit,

140 2180 233 2242 “tibi
248 2200 323 2264 ago,
338 2199 469 2242 summe
490 2177 557 2257 sol,
573 2179 731 2261 vobisque
754 2179 870 2262 reliqui
892 2181 1036 2262 caelites,

141 2282 241 2366 quod,
264 2289 341 2346 ante
363 2303 466 2365 quam
489 2303 529 2344 ex
553 2282 614 2344 hac
636 2283 705 2345 vita
729 2284 844 2367 migro,
867 2285 1035 2369 conspicio

140 2389 174 2451 in
192 2409 267 2450 meo
289 2408 390 2472 regno
406 2393 438 2450 et
454 2387 505 2450 his
526 2387 623 2450 tectis
642 2386 677 2449 P.
697 2387 885 2452 Cornelium
911 2388 1036 2474 Scipio·

141 2513 229 2572 nem,
252 2491 345 2575 cujus
371 2512 433 2576 ego
457 2491 591 2553 nominc
616 2491 689 2574 ipso
715 2511 857 2572 recreor3
882 2493 930 2556 ita
953 2515 1036 2558 nun·

141 2617 245 2680 quam
261 2617 300 2658 ex
316 2596 430 2659 animo
445 2615 521 2657 meo
536 2594 677 2657 discedit
698 2594 786 2658 illius
802 2596 920 2680 optimi
936 2603 1037 2680 atquc

143 2827 205 2870 suo
220 2827 332 2891 regno,
346 2804 400 2867 ille
415 2825 470 2866 me
485 2803 526 2866 de
545 2808 657 2866 nostra
671 2823 703 2865 re
719 2803 851 2887 publica
869 2811 1037 2888 perconta-

142 2916 199 2974 tus
221 2915 291 2990 est;
311 2908 493 2991 multisque
513 2907 619 2970 verbis
639 2905 724 2970 ultro
747 2907 893 2990 citroque
917 2910 1038 2975 habitis

142 3015 198 3080 ille
216 3015 310 3078 nobis
325 3017 543 3097 consumptus
559 3016 610 3074 est
625 3010 704 3073 dies.

189 3120 271 3184 Post
285 3123 408 3196 autem,
422 3117 512 3201 regio
528 3129 690 3200 apparatu
706 3117 841 3201 accepti,
853 3137 1039 3184 sermonem

143 3227 180 3291 in
209 3223 352 3288 multam
382 3228 514 3285 noctem
551 3219 776 3304 produximus
805 3241 910 3304 quum
940 3245 1039 3287 senex

144 3329 227 3396 nihil
252 3328 317 3391 nisi
331 3327 373 3389 de
390 3323 546 3390 Africano
563 3323 758 3406 loqueretur,
774 3327 952 3409 omniaque
968 3329 1041 3413 ejus

145 3456 213 3498 non
237 3430 327 3495 sacta
356 3429 463 3494 solum
494 3429 551 3492 sed
578 3429 680 3490 etiam
708 3428 797 3491 dicta
826 3431 1041 3496 meminisset.

147 3537 285 3616 Deinde,
299 3541 339 3599 ut
353 3536 503 3598 cubitum
519 3533 740 3613 discessimus
756 3555 819 3613 me,
834 3534 923 3598 etde
938 3536 993 3600 vic
1009 3543 1042 3602 et
