2475 4092
235 325 279 392 34
409 343 671 388 rusouuarranou
692 343 964 387 orsrurarronun

234 521 309 564 rum
345 497 482 578 eulturn,
512 496 632 560 deinde
662 495 707 560 ad
739 497 796 581 jus
826 497 1011 577 homiuum,
1041 496 1145 580 quod

236 606 338 670 situm
362 605 471 668 estin
496 603 624 688 generis
651 601 791 666 humani
814 603 983 681 societate,
996 607 1077 666 tum
1094 603 1144 666 ad

234 709 435 775 modestiam
465 706 798 792 magnitudinemque
832 707 939 770 animi
972 706 1142 786 erudivit;

234 814 418 896 eademque
435 815 477 876 ab
493 813 616 890 animo,
632 817 808 894 tamquam
829 813 875 875 ab
889 811 1004 890 oeulis,
1019 810 1141 896 ealigi-

233 939 311 983 nem
337 916 483 1002 dispulit,
508 921 547 979 ut
578 915 702 994 omnia,
725 935 855 1000 supera,
877 913 990 994 infera,
1014 916 1140 1000 prima,

234 1022 363 1099 ultima,
377 1021 497 1100 media,
512 1019 707 1084 videremus

276 1125 328 1188 65.
353 1125 486 1189 Prorsus
503 1125 585 1188 haec
599 1123 713 1188 divina
727 1124 810 1188 mihi
825 1122 954 1186 videtur
968 1123 1028 1202 vis,
1044 1145 1139 1207 quae

232 1235 284 1296 tot
298 1251 348 1293 res
364 1227 485 1292 efficiet
500 1233 535 1291 et
548 1233 669 1292 tantas.
718 1225 811 1304 Quid
826 1232 878 1290 est
894 1227 984 1291 enim
1004 1249 1137 1291 merno-

232 1335 282 1400 ria
311 1353 418 1396 rerum
443 1338 477 1396 et
500 1331 696 1396 verbomml
727 1331 809 1416 quid
834 1352 929 1417 porro
957 1331 1137 1396 inventio?

234 1437 379 1525 prolecto
408 1437 452 1515 id,
476 1457 544 1519 quo
574 1457 635 1500 neo
657 1437 693 1500 iu
710 1437 786 1500 deo
809 1435 990 1519 quidquam
1020 1437 1138 1521 majus

147 1545 150 1552 '
232 1542 373 1627 intelligi
393 1547 511 1626 potest
558 1540 635 1604 Nou
660 1541 750 1604 euim
769 1541 934 1604 ambrosia
957 1540 1047 1619 deos,
1073 1547 1139 1605 aut

232 1655 372 1726 nectare,
384 1651 444 1710 aut
457 1646 478 1709 J
479 1651 636 1708 uventate
652 1645 772 1731 poculo
787 1646 1003 1724 ministrante,
1013 1645 1138 1710 laetari

233 1754 384 1832 arbitror;
407 1771 468 1815 neo
492 1749 677 1813 Homemm
699 1751 810 1827 audio,
824 1751 882 1834 qui
908 1750 1137 1835 Ganymeden

232 1862 274 1924 ab
290 1859 340 1922 dis
354 1861 488 1941 raptum
504 1857 552 1920 ait
566 1862 697 1940 propter
711 1854 862 1934 formam,
877 1860 916 1918 nt
929 1855 1004 1920 Jovi
1021 1856 1136 1919 bibere

232 1964 450 2042 ministraret;
482 1982 548 2025 non
571 1961 665 2045 justa
688 1982 800 2040 eausa,
824 1981 881 2024 our
906 1959 1136 2024 Laomedonti

231 2075 326 2133 tanta
341 2067 434 2130 lieret
444 2067 571 2150 injuria.
617 2065 785 2150 Fingebat
800 2066 882 2128 haee
905 2064 1084 2145 Homerus,
1100 2071 1136 2129 et

232 2174 382 2236 humana
412 2170 455 2233 sd
481 2169 561 2233 deos
589 2168 825 2248 transferebat;
854 2169 968 2232 divina
993 2169 1135 2232 mallem

233 2276 277 2342 ad
301 2296 370 2340 nos.
419 2273 517 2351 Quae
537 2281 650 2337 autem
668 2272 805 2337 divina?
851 2273 982 2359 Vigere,
1005 2295 1137 2358 sapere,

231 2379 386 2458 invenire,
401 2378 600 2441 meminisse.

277 2484 367 2568 Ergo
382 2483 524 2561 animus,
538 2482 629 2569 [qui]
648 2490 686 2548 ut
700 2505 764 2568 ego
776 2484 861 2563 dieo,
872 2483 1004 2548 divinus
1020 2489 1082 2563 est,
1093 2491 1136 2549 ut

231 2588 409 2675 Euripides
425 2587 531 2651 dicere
547 2588 657 2667 audet,
672 2589 772 2668 deus3
794 2594 829 2652 et
842 2587 987 2672 quidem,
1002 2589 1032 2652 si
1046 2589 1135 2653 deus

230 2703 290 2761 aut
305 2694 419 2760 anima
434 2697 495 2756 aut
513 2693 600 2777 ignis
616 2698 675 2772 est,
692 2694 782 2757 idem
798 2700 849 2758 est
870 2694 1005 2756 animus
1024 2693 1132 2756 homi-

230 2802 291 2864 nis.
337 2799 427 2864 Nam
442 2802 481 2860 ut
494 2795 552 2859 illa
574 2802 693 2860 natura
718 2798 869 2861 caelestis
884 2803 919 2861 et
932 2803 1018 2861 terra
1032 2804 1134 2862 vacat

230 2909 265 2967 et
286 2904 433 2981 humore,
448 2901 496 2965 sio
515 2900 687 2982 utriusque
703 2902 821 2966 harum
835 2922 942 2965 rerum
961 2901 1134 2966 humanus

229 3006 363 3070 animus
378 3011 429 3068 est
445 3025 568 3089 expers.
615 3003 677 3068 Sin
695 3012 808 3068 autem
824 3011 876 3069 est
889 3005 1008 3088 quinta
1030 3027 1133 3088 quae-

229 3109 309 3174 dam
325 3115 443 3172 natura
462 3111 505 3172 ab
523 3108 698 3173 Aristotele
718 3109 856 3173 inducta
878 3111 1032 3195 primum,
1048 3111 1135 3176 haec

227 3219 263 3278 et
277 3213 414 3276 deorum
425 3219 475 3276 est
490 3218 523 3276 et
538 3213 734 3276 animorum.
775 3214 921 3278 XXVII.
959 3214 1010 3278 66.
1031 3214 1134 3281 Hane

229 3340 291 3383 nos
314 3318 514 3381 sententiam
530 3318 644 3394 secuti,
660 3317 711 3380 bis
725 3317 807 3401 ipsis
827 3320 934 3382 verbis
948 3319 983 3382 iu
1002 3318 1132 3383 Conso-

229 3421 354 3486 latione
370 3419 433 3481 hoo
448 3420 686 3502 expressimus:

272 3531 289 3566 “
302 3523 502 3588 Animomm
524 3522 615 3587 nulla
628 3524 665 3587 in
686 3524 778 3588 terris
800 3526 892 3611 origo
911 3527 1051 3591 inveniri
1072 3549 1134 3613 po·
