2475 4092
338 355 439 398 ursan
461 355 482 398 1.
527 357 597 400 car.
619 357 712 400 xuvr.
735 357 831 400 xuvu
998 334 1039 400 61

186 507 262 593 Ego
278 513 393 572 autem
407 507 469 572 tibi
485 509 630 591 quidem,
645 511 734 593 quod
756 511 836 574 satis
852 514 948 589 esset,
960 531 1039 594 pau-

140 612 188 676 eis
204 614 319 691 verbis,
334 619 373 676 ut
394 614 477 676 mihi
499 614 642 694 videbar,
664 615 906 701 responderam.
954 615 1039 678 Con·

139 722 285 782 tesseras
301 718 400 796 enim,
416 717 508 781 nullo
524 719 559 781 in
581 720 671 783 malo
696 726 845 784 mortuos
869 739 958 800 esse;
981 719 1040 782 sed

139 823 183 884 ob
213 843 288 885 earn
318 843 457 887 oausam
494 825 661 904 contendi,
690 832 729 889 ut
757 824 853 910 plura
887 825 1040 902 dicerem,

138 926 230 1009 quod
255 927 291 989 in
315 925 476 990 desiderio
503 933 537 990 et
561 928 655 992 luctu
680 930 761 993 haee
786 935 837 992 est
856 928 1039 992 consolatio

134 1031 297 1093 maxima.
343 1030 503 1094 Nostrum
527 1033 616 1095 enim
645 1039 678 1096 et
704 1039 817 1096 nostra
841 1054 943 1096 eausa
970 1053 1039 1095 sus·

138 1141 273 1220 ceptum
294 1135 442 1198 dolorem
463 1137 595 1199 modice
618 1135 698 1200 terre
714 1139 883 1216 debemus,
899 1158 940 1199 ue
964 1158 1038 1200 nos·

138 1245 209 1303 met
230 1240 320 1323 ipsos
343 1260 455 1303 amare
479 1241 660 1304 videamur.
707 1242 767 1306 Illa
788 1243 932 1326 suspicio
956 1242 1038 1304 into·

136 1343 263 1407 lerabili
286 1343 397 1407 dolore
418 1345 551 1424 cruciat,
570 1346 599 1408 si
626 1347 802 1430 opinamur
825 1367 891 1424 eos,
916 1347 1038 1427 quibus

137 1450 245 1512 orbati
260 1471 386 1528 sumus,
398 1470 470 1513 esse
485 1471 563 1513 cum
581 1450 694 1534 aliquo
711 1473 810 1516 sensu
825 1453 860 1515 in
876 1452 916 1515 iis
931 1451 1038 1532 malis,

136 1552 259 1634 quibus
275 1552 374 1637 vulgo
391 1552 576 1637 opinantur.
624 1554 722 1617 Hane
745 1560 895 1618 excutere
911 1555 1038 1638 opinio·

136 1677 215 1720 nem
232 1657 384 1721 mihimet
398 1657 489 1720 volui
503 1658 679 1739 radicitus;
702 1680 808 1741 eoque
829 1658 877 1722 sui
899 1657 1037 1723 sortasse

136 1760 274 1846 longior.

183 1865 329 1929 XLVIL
374 1866 446 1931 112.
470 1867 510 1932 A.
539 1868 594 1932 Tu
609 1866 761 1952 longior?
785 1888 853 1930 nou
868 1867 950 1930 mihi
966 1866 1036 1949 qui·

136 1968 222 2033 dem.
271 1968 362 2033 Prior
387 1972 477 2035 enirn
503 1993 577 2056 pars
601 1972 761 2036 orationis
785 1977 864 2034 tuae
884 1969 1036 2051 faciebat,

135 2079 176 2138 ut
199 2075 284 2137 mori
302 2095 476 2160 euperem3
499 2077 667 2161 posterior,
681 2082 720 2140 ut
746 2076 847 2140 modo
874 2096 940 2139 nou
968 2075 1035 2138 nol-

134 2178 213 2257 lem,
228 2178 330 2242 modo
346 2199 413 2242 nou
425 2179 627 2260 laborarem3
650 2180 741 2242 omni
758 2185 871 2243 autem
887 2180 1036 2242 oratione

134 2281 217 2346 illud
242 2288 327 2346 uerte
351 2281 531 2367 perfeetum
555 2291 615 2363 est,
629 2289 668 2348 ut
688 2290 828 2347 mortem
848 2305 916 2347 nou
938 2283 1036 2347 duoe-

127 2407 205 2450 -rem
220 2387 255 2448 in
271 2385 376 2449 malis.

179 2490 226 2554 M
259 2491 350 2553 Num
365 2491 467 2576 igitur
481 2491 583 2554 etiam
605 2493 772 2555 rhetorum
794 2490 963 2576 epilogum
980 2490 1035 2553 de·

135 2594 343 2658 sideramus?
366 2617 411 2658 an
433 2595 520 2658 hane
539 2596 611 2680 jam
635 2601 739 2659 artem
765 2595 862 2679 plane
882 2595 1035 2677 relinqui·

134 2699 237 2763 mus?
283 2699 322 2762 A.
350 2699 404 2763 Tu
427 2721 503 2763 vero
532 2701 633 2763 istam
658 2721 699 2763 ne
729 2700 907 2782 reliqueris,
930 2720 1033 2780 quam

134 2825 264 2889 semper
287 2805 421 2884 ornasti,
445 2811 480 2868 et
505 2805 641 2888 quidem
668 2805 759 2888 jure3
790 2803 847 2868 illa
874 2804 963 2866 enim
990 2809 1033 2884 te,
1098 2822 1103 2844 ¹

133 2930 248 2972 verum
278 2911 307 2972 si
329 2909 421 2992 loqui
445 2909 610 2989 volumus,
639 2913 818 2972 ornaverat.
866 2907 934 2972 Sed
963 2909 1033 2991 qui·

134 3035 213 3077 uam
235 3019 286 3077 est
300 3015 363 3078 iste
386 3014 559 3099 epilogus?
583 3037 665 3078 aveo
689 3015 779 3078 enim
802 3013 924 3093 audire,
940 3014 1033 3096 quid·

133 3118 214 3203 quid
237 3124 296 3182 est.
341 3118 414 3181 113.
437 3118 485 3182 M.
516 3117 664 3182 Deorum
686 3119 926 3183 immortalium
945 3119 1032 3202 judi-

133 3223 187 3286 eia
201 3222 308 3285 solent
328 3223 364 3285 in
380 3222 500 3285 scholis
515 3222 655 3308 proferre
678 3223 719 3286 de
736 3229 858 3304 morte;
882 3244 942 3287 neo
957 3245 1033 3287 vero

133 3347 174 3390 ea
196 3325 319 3412 fingere
345 3327 418 3411 ipsi,
445 3327 502 3390 sed
535 3327 706 3391 Herodoto
733 3333 865 3392 auctore
892 3327 1032 3410 aliisque

133 3431 290 3517 pluribus.
336 3430 485 3495 Primum
503 3432 626 3517 Argiae
645 3432 832 3512 sacerdotis,
851 3431 983 3495 Cleobis
998 3437 1032 3495 et

134 3536 223 3614 Bito,
234 3532 294 3598 filii
310 3533 547 3620 praedicantur.
587 3536 677 3602 Nota
692 3533 805 3600 fabula
817 3542 875 3600 est.
913 3535 1030 3614 Quum
