2475 4092
207 311 252 378 58
384 333 649 378 neocosmum
670 332 943 378 nrsrnrrrronun

208 501 281 568 107.
309 503 403 589 (Non
432 503 593 590 intelligo,
622 502 704 586 qnid
734 509 873 578 metuat
903 525 1012 588 quum
1042 512 1127 570 tam

206 607 313 672 bonos
328 609 533 694 septenarios
546 605 668 673 fundat
682 607 726 672 ad
741 608 883 695 tibiam.)

253 711 451 776 Tenendum
463 718 515 776 est
528 712 638 798 igitur,
651 711 732 777 nihil
747 712 931 777 curandum
948 735 1023 777 csse
1039 721 1127 800 post

207 821 358 895 mortem,
381 836 488 899 quum
516 815 615 880 multi
644 815 799 880 inimicos
829 818 931 880 etiarn
962 823 1125 882 mortuos

207 921 416 1008 poeniuntur.
475 920 675 985 Exsecratnr
704 920 880 985 luculentis
906 943 987 985 sanc
1017 923 1124 987 versi·

206 1027 271 1090 bus
285 1025 378 1112 apud
400 1025 552 1090 Ennium
577 1025 751 1111 Thyestes,
765 1026 912 1112 primum
927 1033 966 1090 ut
980 1026 1123 1092 naufra-

207 1131 264 1218 gio
286 1136 400 1216 pereat
420 1131 559 1211 Atreus;
581 1129 702 1194 durum
724 1130 787 1194 hoc
807 1150 906 1210 sane;
928 1131 1006 1195 talis
1022 1133 1123 1196 enim

206 1236 359 1300 interitus
375 1256 443 1300 non
459 1235 596 1300 estsine
612 1237 704 1322 gravi
719 1253 839 1316 sensu;
860 1235 918 1299 illa
931 1236 1075 1300 inania:

225 1363 284 1459 lpse
294 1389 401 1443 mmo
411 1387 565 1458 rtrirfim
575 1388 685 1460 aperis,
698 1389 858 1455 miscemus,

223 1474 319 1530 mee
327 1475 448 1545 pendens,
460 1475 663 1547 senepergas
675 1473 742 1542 talo,
752 1476 824 1528 sanie
834 1484 858 1528 et
869 1473 1003 1546 ninguine
1014 1485 1088 1530 ntro.

209 1601 288 1669 Non
317 1605 391 1690 ipsa
420 1625 503 1668 saxa
534 1603 644 1690 magis
681 1623 782 1668 sensu
812 1605 904 1668 omni
933 1607 1119 1683 vacabunt,

207 1729 309 1791 quam
336 1707 392 1772 ille
415 1709 516 1774 latere
537 1707 692 1789 pendam,
715 1709 770 1772 cui
795 1729 830 1772 se
849 1709 903 1772 hic
926 1709 1118 1772 cruciatum

207 1822 322 1880 censet
347 1819 470 1901 optare.
518 1812 634 1892 Quam
661 1819 772 1876 essent
791 1813 883 1892 dura,
904 1815 934 1878 si
957 1811 1117 1878 sentiret!

210 1917 311 1997 nulla,
327 1917 397 1982 sine
413 1937 522 1980 sensu.
568 1914 654 1980 Illud
670 1936 744 1978 vero
760 1935 921 2002 perquam
936 1916 1054 1979 inane:

261 2054 350 2123 quue
360 2055 513 2123 mortno,
525 2053 700 2124 ostrapius,
711 2051 810 2120 illest,
820 2063 924 2124 portion
935 2055 1059 2124 οόφοήι,

268 2127 327 2207 Uti,
336 2144 443 2195 remma
453 2141 567 2196 lmntna
578 2143 642 2208 vita,
654 2145 745 2212 etr-pm
756 2141 894 2212 requiescat
906 2144 988 2197 malis.

211 2261 316 2326 Vides
341 2269 468 2346 quanto
484 2265 565 2328 haec
580 2264 615 2328 in
630 2285 734 2328 errore
749 2271 926 2330 versentur.
971 2265 1113 2332 Portum

209 2387 281 2431 csse
311 2369 463 2453 corporis,
489 2375 523 2432 et
547 2369 749 2452 requiescere
773 2370 808 2432 in
839 2369 988 2456 sepulcro
1012 2375 1113 2455 putat

209 2477 389 2536 mortuum.
434 2471 561 2558 Magna
575 2472 675 2558 culpa
692 2472 833 2558 Pelopis,
848 2475 906 2557 qui
921 2494 989 2537 non
1005 2473 1111 2538 erudi·

209 2577 271 2640 erit
289 2575 396 2641 lilium
419 2597 480 2640 nec
496 2576 652 2656 docuerit,
667 2584 832 2660 quatenus
854 2585 941 2642 esset
963 2578 1110 2663 quidque

207 2682 406 2746 curandum.

254 2786 363 2850 XLV.
408 2785 481 2850 108.
506 2785 575 2850 Sed
594 2783 676 2868 quid
702 2784 909 2870 singulorum
936 2787 1108 2872 opiniones

208 2891 482 2970 animadvertam,
506 2890 683 2953 nationum
707 2891 814 2952 varios
842 2909 962 2954 errores
988 2892 1107 2977 perspi-

207 3013 280 3057 cere
295 3015 401 3074 qnum
415 2993 538 3058 liceat?
586 2993 759 3057 Condiunt
776 2994 935 3080 Aegyptii
950 3000 1106 3076 mortuos,

208 3101 242 3160 et
258 3117 314 3159 eos
330 3104 462 3162 servant
484 3097 593 3178 domi;
617 3097 736 3160 Persae
759 3099 861 3162 ctiam
883 3119 958 3162 cera
972 3100 1106 3164 circum-

206 3201 285 3266 litos
321 3202 479 3282 condunt,
508 3208 547 3266 nt
575 3223 679 3285 quarn
709 3204 856 3268 maxime
893 3211 1107 3290 permaneant

206 3306 366 3371 diuturna
388 3327 533 3391 corpora.
579 3305 758 3390 Magorum
783 3327 857 3372 mos
880 3315 939 3388 est,
960 3330 1027 3373 non
1049 3310 1104 3374 hu·

206 3431 297 3475 mare
312 3432 450 3496 corpora
464 3433 611 3491 suorum,
626 3412 692 3475 nisi
707 3433 728 3476 a
742 3410 817 3476 seris
840 3413 907 3477 sint
929 3419 1006 3477 ante
1026 3414 1103 3478 lani-

207 3522 273 3578 ata
334 3517 373 3578 In
404 3515 572 3599 Hyrcania
601 3515 694 3598 plebs
730 3515 880 3599 publicos
910 3517 970 3582 alit
998 3539 1102 3598 canes,
