2475 4092
227 323 271 388 32
401 343 662 388 ruscumnnsun
683 343 955 388 uisrursrronun

227 519 290 563 neo
309 497 437 577 cerebri,
461 519 521 561 neo
543 503 749 579 atomorum3
771 499 887 565 anima
908 501 961 580 sit
983 472 1136 584 ignisve,

227 604 356 682 neseio;
386 623 447 666 neo
476 623 530 665 me
556 602 667 686 pudet
693 608 732 666 ut
753 605 846 684 istos,
869 603 965 670 fateri
989 606 1136 684 nescire,

227 708 317 791 quod
341 708 507 786 nesciam3
530 707 621 786 illud,
644 708 671 770 si
695 707 764 772 ulla
788 709 855 772 alia
870 710 912 773 de
933 732 968 774 re
984 712 1136 774 obscura

227 811 388 876 affirmare
404 833 545 897 possein,
561 813 629 874 sive
651 813 774 891 anima,
789 814 859 877 sive
879 815 967 900 ignis
988 817 1034 878 sit
1056 815 1133 878 ani·

227 939 313 995 mus,
328 937 405 979 eum
425 916 568 999 jurarem
592 937 664 978 esse
687 916 847 980 divinum.
896 918 991 997 Quid
1005 919 1132 982 enim?

227 1023 360 1085 obsecro
384 1025 426 1100 te,
442 1025 567 1082 terrane
592 1021 662 1097 tibi,
685 1021 747 1083 hoo
772 1021 932 1086 nebuloso
954 1028 989 1086 et
1010 1023 1130 1107 ealigi-

227 1147 309 1191 noso
325 1125 425 1202 eaelo,
441 1131 500 1187 aut
526 1129 599 1187 sata
625 1131 685 1187 aut
707 1132 860 1189 concreta
883 1126 1013 1190 videtur
1028 1133 1132 1190 tanta

226 1231 277 1294 vis
292 1227 495 1292 memoriae?
543 1227 589 1307 Si,
605 1228 686 1311 quid
706 1230 749 1292 sit
765 1230 835 1309 hoo,
851 1251 920 1294 non
943 1231 1056 1311 vides;
1083 1238 1131 1306 at,

134 1313 138 1322 ’
226 1333 325 1418 quale
351 1333 403 1412 sit,
417 1333 529 1396 vides:
552 1334 581 1396 si
606 1355 648 1396 ne
670 1333 705 1396 id
727 1334 873 1416 quidem,
889 1342 934 1415 at,
955 1343 1130 1419 quantum

227 1440 279 1517 sit,
293 1435 438 1522 profesto
458 1436 558 1499 vides.
602 1436 653 1500 61.
679 1437 773 1515 Quid
795 1438 919 1522 igitur?
940 1447 1055 1503 utrum
1072 1463 1131 1505 oa·

226 1543 405 1628 pacitatem
421 1541 566 1623 aliquam
581 1541 616 1603 in
632 1542 745 1604 animo
766 1548 926 1626 putamus
947 1565 1030 1623 esse,
1045 1567 1128 1628 quo,

225 1655 400 1730 tamquam
420 1648 454 1710 in
474 1646 607 1729 aliquod
627 1668 694 1725 vas,
715 1669 765 1726 ea,
784 1669 872 1730 quae
895 1651 1128 1730 meminimus,

224 1751 464 1818 infundantur?
505 1751 694 1815 Absurdum
708 1751 744 1814 id
758 1753 902 1835 quidem.
943 1754 1012 1833 Qui
1030 1757 1127 1820 enim

224 1858 356 1937 fundus,
387 1862 447 1920 aut
475 1877 561 1938 quae
596 1856 672 1918 talis
702 1857 806 1919 animi
840 1855 948 1942 figura
979 1860 1127 1946 intelligi

224 1963 359 2050 potest?
382 1968 442 2026 aut
455 1981 541 2044 quae
557 1965 652 2023 tanta
674 1962 811 2024 omnino
826 1963 1018 2046 capacitas?
1068 1966 1126 2028 An

225 2069 379 2152 imprimi,
394 2067 490 2150 quasi
508 2087 626 2144 ceram,
641 2066 792 2128 animum
808 2072 975 2151 putamus,
991 2075 1026 2132 et
1047 2091 1126 2133 esse

225 2173 420 2237 memoriam
450 2171 654 2254 signatarum
683 2192 790 2234 rerum
816 2173 850 2234 in
881 2179 992 2236 mente
1023 2177 1124 2239 vesti-

225 2277 301 2365 gia?
343 2276 440 2355 Quae
459 2282 598 2360 possunt
612 2278 793 2355 verborum,
808 2298 895 2359 quae
909 2299 1018 2342 rerum
1036 2281 1125 2365 ipsa·

224 2404 298 2447 rum
327 2403 399 2444 esse
427 2379 589 2465 vestigia?
622 2401 707 2462 quae
736 2402 831 2465 porro
856 2388 928 2445 tam
953 2384 1126 2449 immensa

224 2487 431 2575 magnitudo,
461 2507 547 2568 quae
576 2484 634 2548 illa
658 2491 729 2548 tam
759 2486 865 2550 multa
894 2489 1001 2572 possit
1029 2489 1124 2555 effin-

223 2591 321 2679 gere?

269 2697 387 2780 Quid?
410 2696 467 2760 illa
481 2696 531 2758 vis
546 2715 633 2777 quae
647 2693 783 2757 tandem
799 2699 859 2774 est,
875 2717 963 2777 quae
985 2697 1122 2762 investi·

222 2812 280 2891 gat
298 2804 436 2881 occulta,
452 2821 537 2884 quae
560 2799 708 2862 inventio
730 2804 831 2881 atque
853 2801 1054 2884 excogitatio
1071 2802 1123 2865 di·

220 2908 326 2973 citur?
350 2929 389 2970 ex
406 2907 509 2969 hacne
524 2904 584 2968 tibi
599 2909 725 2966 terrena
740 2902 934 2985 mortalique
949 2911 1072 2968 natura
1087 2912 1124 2970 et

221 3013 348 3078 caduca
376 3016 528 3076 concreta
549 3030 590 3071 ea
612 3007 765 3070 videtur?
808 3007 860 3069 62.
883 3014 943 3072 aut
967 3010 1025 3091 qui
1055 3011 1121 3094 pri.

221 3139 304 3197 mus,
315 3117 406 3201 quod
421 3134 572 3180 summae
585 3112 768 3196 sapientiae
785 3109 993 3196 Pythagorae
1005 3114 1121 3178 visum

219 3230 278 3305 est,
303 3224 458 3287 omnibus
481 3222 578 3283 rebus
603 3218 764 3301 imposuit
789 3216 949 3279 nomina?
976 3223 1037 3280 aut
1057 3222 1122 3301 qui

219 3331 395 3415 dissipatos
411 3327 561 3390 homines
582 3322 794 3406 congregavit
807 3327 842 3383 et
856 3321 899 3383 ad
922 3321 1120 3387 societatem

219 3437 307 3499 vitae
329 3428 545 3497 convocavit?
568 3432 628 3490 aut
649 3427 707 3508 qui
729 3447 829 3488 sonos
849 3426 950 3504 vocis,
964 3427 1023 3508 qui
1043 3426 1122 3492 infi-

220 3540 282 3602 niti
305 3539 510 3612 videbantur‚
534 3532 650 3616 paucis
678 3530 860 3594 litterarum
889 3530 978 3594 notis
1006 3534 1120 3596 tenni.
