2475 4092
296 383 396 428 mssa
419 385 441 428 1.
486 386 556 428 err.
579 386 701 430 xxxnr.
725 385 845 429 xxxiv.
975 362 1020 430 43

122 555 212 601 orem
233 528 392 602 essenon
414 538 552 602 moleste
572 537 685 602 leram.
731 539 917 602 Enumerat
936 537 1020 602 mul·

121 646 195 722 tos3
217 643 317 726 idque
339 645 436 727 quasi
459 650 597 723 constet,
611 645 785 724 rationem,
800 666 858 708 our
880 645 929 707 ita
951 642 1020 724 fiat,

122 745 222 811 affert.
271 748 373 826 Quod
396 750 425 812 si
445 755 542 813 tanta
556 751 606 814 vis
622 756 673 814 est
694 751 738 813 ad
761 751 912 813 habitum
930 770 1019 812 men-

121 852 165 914 tis
188 853 223 915 in
245 854 295 933 iis,
317 875 403 936 quae
428 855 609 940 gignuntur
633 856 666 918 in
692 873 844 941 corpore3
869 855 924 940 (ea
941 859 1022 918 sunt

121 962 246 1036 autem,
276 979 494 1042 quaeeunque
527 965 614 1038 sunt,
645 981 732 1043 quae
769 958 1020 1023 similitudinem

121 1056 277 1147 saciant3)
302 1062 384 1125 nihil
409 1064 614 1127 necessitatis
640 1062 742 1143 affert,
764 1085 823 1127 our
844 1069 1022 1127 nascantur

122 1166 236 1246 animi,
267 1166 458 1231 similitude.
516 1167 647 1232 Omitto
678 1168 919 1231 similitudines.
969 1165 1022 1230 81.

124 1268 255 1362 Vellem
293 1271 410 1334 adesse
447 1277 560 1357 posset
598 1272 800 1352 Panaetius3
831 1272 914 1335 vixit
942 1291 1021 1334 oum

124 1374 298 1457 African03
321 1397 511 1460 quaererem
535 1398 575 1439 ex
597 1398 647 1455 eo,
663 1377 758 1462 cujus
781 1397 916 1440 suorum
932 1374 1022 1439 simi·

120 1479 161 1544 lis
176 1479 294 1544 fuisset
318 1479 464 1545 Africani
486 1478 592 1545 fratris
608 1502 722 1565 nepos,
737 1480 822 1545 laoie
837 1481 889 1545 vel
910 1481 1023 1565 patris,

121 1585 192 1648 vita
222 1586 375 1649 omnium
406 1586 609 1671 perditorum
639 1586 688 1648 ita
717 1585 844 1665 similia,
868 1590 908 1648 ut
937 1589 1025 1648 esset
1150 1656 1152 1659 ¹

121 1687 217 1752 laoile
239 1691 453 1770 deterrimus3
476 1690 571 1773 cujus
590 1691 693 1753 etiam
715 1689 832 1753 similis
843 1689 884 1752 Ῥ.
903 1689 1023 1769 Crassi,

123 1799 157 1856 et
180 1794 339 1878 sapientis
361 1801 395 1857 et
417 1794 601 1877 eloquentis
625 1801 659 1859 et
679 1795 775 1879 primi
799 1795 953 1873 hominis,
968 1814 1023 1856 ne·

123 1917 194 1981 pos,
224 1897 469 1980 multorumque
505 1896 646 1961 aliorum
677 1898 838 1961 clerorum
869 1898 1023 1977 virorum,

122 2021 207 2084 quos
223 2000 302 2063 nihil
319 2001 438 2063 attinet
453 2002 633 2079 nominare,
649 2005 787 2085 nepotes
802 2005 836 2063 et
850 1998 918 2063 filii.

170 2104 237 2168 Sed
258 2105 340 2188 quid
364 2104 522 2190 agimus?
545 2105 682 2168 oblitine
709 2126 834 2184 sumus,
850 2105 913 2168 hoo
932 2125 1023 2169 nune

122 2209 218 2272 nobis
243 2229 314 2271 esse
341 2209 558 2293 propositum,
583 2230 688 2291 quum
716 2210 798 2272 satis
820 2209 862 2272 de
885 2210 1022 2273 aeterni·

121 2318 191 2377 tate
219 2313 427 2392 dixissemus,
444 2335 485 2376 ne
508 2314 536 2377 si
559 2314 728 2377 interirent
746 2314 882 2397 quidem
907 2313 1022 2394 animi,

121 2418 306 2501 quidquam
332 2419 414 2482 mali
434 2440 506 2482 esse
526 2419 561 2482 in
582 2418 714 2483 morte?
775 2419 815 2484 A.
845 2419 921 2504 Ego
945 2440 1022 2482 vero

122 2524 340 2586 memineram
351 2543 358 2603 ;
378 2523 437 2586 sed
448 2529 481 2586 te
493 2522 534 2587 de
547 2525 741 2588 aeternitate
753 2524 919 2588 dicentem
932 2525 1022 2586 aber·

121 2647 190 2690 rare
206 2649 227 2690 a
242 2629 410 2712 proposito
426 2625 521 2690 facile
537 2627 695 2712 patiebar.

168 2731 330 2795 XXXIV.
375 2731 426 2795 82.
448 2730 496 2796 M.
529 2730 638 2795 Video
663 2738 697 2796 te
720 2732 786 2796 alte
807 2737 964 2816 spectare,
989 2735 1023 2794 et

123 2835 205 2899 velle
220 2838 256 2899 in
272 2837 402 2901 eaelum
418 2838 565 2920 migrare.
612 2837 651 2900 A.
685 2836 788 2921 Spero
803 2835 879 2914 lore,
891 2840 930 2899 ut
945 2856 1022 2898 con·

123 2941 235 3024 tingat
249 2940 285 3002 id
300 2941 404 3003 nobis.
451 2939 517 3003 Sed
542 2939 602 3020 lae,
618 2946 657 3004 ut
677 2941 735 3003 isti
749 2939 875 3019 volunt,
891 2940 1022 3004 animos

125 3065 192 3108 non
207 3065 375 3108 remanere
391 3051 467 3129 post
482 3051 644 3108 mortem:
666 3045 764 3110 video
780 3067 850 3126 nos,
862 3046 890 3109 si
905 3047 954 3110 ita
968 3047 1020 3126 sit,

124 3150 242 3235 privari
265 3171 322 3234 spe
346 3151 499 3214 beatioris
514 3151 612 3214 vitae.
658 3151 705 3215 M.
738 3151 820 3216 Mali
845 3151 1021 3234 veroquid

125 3253 218 3319 affert
243 3255 309 3317 ista
339 3255 525 3319 sententia?
586 3255 657 3320 Fae
680 3259 770 3321 enim
797 3258 844 3321 sio
868 3257 1020 3320 animum

123 3359 263 3438 interire,
279 3365 318 3422 ut
332 3379 467 3442 eorpus:
491 3382 571 3424 num
593 3363 694 3446 igitur
712 3362 830 3445 aliquis
854 3361 945 3424 dolor
961 3365 1021 3422 aut

125 3465 262 3527 omnino
277 3469 354 3548 post
377 3470 517 3527 mortem
542 3486 658 3528 sensus
680 3466 714 3528 in
738 3487 871 3551 corpore
891 3462 1020 3528 estl—
1059 3492 1061 3496 ·
1120 3460 1122 3463 ’

128 3569 236 3636 Nemo
261 3569 297 3632 id
320 3569 456 3652 quidem
469 3569 577 3651 dicit:
600 3571 663 3634 etsi
689 3570 918 3635 Democritum
940 3569 1018 3632 insi-
