2475 4092
333 328 436 372 arnan
457 327 479 370 1.
522 329 593 371 eae.
614 329 697 372 xnn.
719 328 814 372 xaru.
980 305 1024 372 55

120 500 259 548 versura
279 501 409 561 possem
432 481 616 546 dissolvere.
664 481 695 545 Ο
712 481 818 546 vimm
843 480 963 568 Sparta
978 480 1026 546 di·

122 583 248 671 gnum!
271 591 309 648 ut
324 586 407 649 mihi
426 586 571 669 quidem,
586 586 645 669 qui
665 591 736 650 tarn
761 607 884 672 magno
912 587 1025 650 animo

121 688 233 769 fuerit,
257 690 417 754 innocens
446 690 626 755 damnante
653 712 725 755 esse
749 692 908 756 videatur.
953 690 1026 755 101.

125 794 227 860 'Pales
253 795 511 860 innumerabiles
540 802 653 859 nostra
683 797 798 860 civitas
828 797 912 862 tulit.
960 795 1027 860 Sed

122 899 206 983 qnid
221 899 323 962 duces
339 906 373 963 et
389 899 552 984 principes
567 901 748 980 nominem,
760 921 865 983 quum
880 900 1028 986 legiones

122 1004 247 1068 scribat
270 1003 357 1066 Cato
381 1025 481 1088 saepe
506 1004 630 1068 alacres
656 1005 692 1068 in
716 1025 794 1068 eum
817 1004 929 1069 locum
956 1026 1027 1090 pro·

123 1106 239 1186 facias,
255 1107 344 1171 unde
358 1107 520 1173 redituras
535 1130 571 1172 se
586 1130 654 1172 non
671 1108 927 1173 arbitrarentur?
966 1109 1027 1174 Pa-

122 1212 153 1276 ri
170 1213 285 1275 animo
306 1211 566 1276 Lacedaemonii
585 1214 622 1276 in
646 1212 878 1300 Thermopylis
901 1213 1028 1278 occide·

122 1321 212 1396 runt,
226 1317 260 1379 in
277 1337 362 1399 quos
383 1316 592 1381 Simonides:

231 1438 295 1500 Dio,
306 1438 404 1508 torpa,
419 1439 535 1509 Spartae,
548 1456 595 1492 rios
605 1448 630 1492 te
642 1439 682 1492 liic
692 1440 784 1493 vidisse
793 1439 914 1510 jacentes,

266 1527 339 1579 Dum
350 1529 445 1580 madir
455 1529 554 1598 patriae
565 1529 665 1598 legibus
681 1528 847 1598 obsequimur.

129 1636 224 1716 Quid
245 1637 299 1701 ille
322 1637 390 1701 dux
418 1638 587 1702 leonidas
605 1639 709 1704 dicit?
770 1639 902 1725 Pergile
923 1643 1027 1706 animo

116 1744 213 1826 forti,
231 1742 500 1821 Lacedaemonia
520 1743 613 1807 leodic
637 1744 724 1824 opud
744 1745 865 1826 inferos
881 1748 1027 1827 fortasse

125 1848 337 1912 narrabimus.
375 1846 458 1910 Fuit
472 1847 555 1910 haec
570 1869 652 1932 gens
667 1847 768 1927 fortis,
784 1848 874 1912 dum·
883 1849 1028 1935 Lycurgi

124 1950 217 2036 leges
230 1951 395 2036 vigebant.
434 1951 464 2015 E
481 1952 602 2034 quibus
613 1973 712 2030 unus,
723 1972 828 2034 quum
846 1953 960 2017 Perses
973 1954 1027 2018 ho-

125 2055 187 2120 stis
202 2056 238 2118 in
256 2054 422 2139 colloquio
441 2055 580 2120 dixisset
594 2055 749 2141 glorians,
769 2055 875 2122 Solem
884 2078 966 2139 prae
973 2063 1028 2144 ja·

125 2161 269 2225 culorum
280 2159 1028 2245 mudiiudineetsagiitarumaoavidebitisr-

125 2262 167 2328 In
179 2265 292 2329 umbra
306 2265 418 2348 uitur,
432 2265 550 2348 iuquit,
560 2266 786 2349 pugnabimus.
831 2267 903 2330 102.
929 2267 1027 2332 Viros

124 2390 360 2434 commemoro.
408 2369 528 2447 Qualis
557 2371 695 2434 tandem
728 2369 906 2436 Lacaena?
938 2393 1025 2455 quae

125 2495 233 2557 quum
248 2472 356 2537 filium
369 2474 405 2537 in
419 2473 581 2559 praelium
600 2475 753 2554 misisset,
769 2482 802 2539 et
816 2475 1025 2540 interiectum

125 2577 285 2655 audisset,
300 2576 436 2658 Idcirco,
457 2579 576 2661 inquit,
593 2598 781 2662 genueram,
802 2587 837 2644 ut
859 2588 949 2659 esset,
972 2583 1028 2660 qui

119 2702 185 2764 pro
202 2683 314 2762 patria
328 2690 428 2747 morte
443 2702 508 2747 aaa
530 2683 689 2748 dubdoret
703 2684 896 2748 occumbere.

172 2786 299 2851 XLIIL
323 2786 427 2851 Esto:
445 2785 555 2867 sortes,
577 2793 612 2851 et
630 2787 703 2850 duri
729 2786 933 2872 Spartiatae;
955 2809 1026 2852 rna·

126 2912 230 2978 gnam
245 2892 347 2956 habet
360 2893 429 2956 viru
447 2893 494 2956 rei
508 2893 661 2978 publicae
676 2892 859 2978 disciplina.
907 2892 1026 2971 Quid?

129 2996 340 3082 Cyrenaeum
357 2995 581 3076 Theodorum,
596 2996 830 3082 philosophum
850 3019 918 3060 non
933 2999 1025 3083 igno-

124 3099 238 3178 bilem,
261 3120 372 3164 noune
392 3100 576 3164 miramur?
599 3101 654 3164 cui
672 3121 778 3183 quum
805 3100 1027 3185 Lysimachus

124 3225 181 3268 rex
205 3225 336 3269 erucem
359 3206 548 3286 minaretur,
571 3205 657 3285 Istis,
675 3225 802 3285 quaeso,
823 3206 942 3289 inquit,
964 3210 1027 3273 ista

125 3309 294 3374 horribilia
321 3310 470 3374 minitare
493 3311 682 3390 purpuratis
715 3312 778 3375 tuis
791 3309 805 3374 !
871 3311 1029 3376 auroram

127 3414 253 3496 quidem
265 3414 347 3478 nihil
359 3415 500 3494 interest,
514 3415 640 3479 lamiae
656 3435 699 3478 aa
713 3417 844 3480 sublime
854 3424 1011 3498 putescat.
1039 3423 1041 3428 '

175 3518 280 3602 Cujus
305 3519 367 3583 hoc
390 3518 480 3584 dicto
502 3519 691 3600 admoneor,
718 3527 756 3584 ut
776 3521 901 3605 aliquid
924 3523 1026 3586 etiam
