2475 4092
361 351 439 394 srva
462 351 504 394 mr
529 351 733 394 sannorum.
961 331 1001 398 91

68 503 198 586 quasi
223 503 363 567 decurso
386 504 504 588 spatio,
519 504 564 567 ad
590 526 733 570 carceres
761 525 781 568 a
803 503 893 568 calce
915 525 1003 568 revo-

70 609 176 672 cari.
223 608 327 686 ‘Quid
357 610 447 671 enim
477 609 577 672 habet
602 610 672 673 vita
701 608 893 673 commodi?
922 609 1005 692 quid

71 733 167 776 non
192 713 305 797 potius
329 711 475 775 laboris?
534 712 602 777 Sed
633 713 754 776 habeat
781 732 880 791 sane3
903 712 1004 777 habet

74 822 187 881 certe
212 824 328 880 tamen
346 823 407 880 aut
430 817 630 896 satietatem,
647 823 707 881 ant
731 817 878 880 modum.
925 817 1002 882 Non

73 920 192 985 lubet
206 922 297 984 enim
312 921 396 984 mihi
418 920 586 1006 deplorare
607 923 724 1001 vitam,
739 921 830 1004 quod
846 921 953 1002 multi,
969 928 1004 985 et

76 1027 119 1090 ii
134 1025 238 1105 docti,
254 1047 354 1111 saepe
369 1025 534 1107 fecerunt3
557 1047 666 1111 neque
681 1048 736 1091 me
751 1027 871 1090 vixisse
889 1027 1003 1111 poeni·

78 1136 155 1209 tet,
173 1131 336 1214 quoniam
358 1131 407 1196 ita
421 1131 498 1211 vixi,
513 1136 553 1196 ut
573 1153 641 1196 non
667 1130 785 1195 frustra
808 1153 863 1196 me
884 1137 1002 1196 natum

82 1235 307 1315 existimcm;
336 1240 371 1298 et
390 1256 431 1298 ex
451 1235 520 1299 vita
542 1236 591 1299 ita
610 1235 945 1319 disced0,tamqna1n
961 1257 1002 1298 ex

83 1339 254 1424 hospiti0,
270 1361 338 1404 non
353 1345 530 1423 tamquam
551 1361 593 1404 ex
611 1341 721 1404 domo.
764 1340 1000 1404 Commorandi

85 1444 190 1507 enim
214 1449 335 1508 natura
359 1444 575 1508 diversorium
601 1446 707 1525 nobie,
731 1467 798 1509 non
829 1444 1002 1508 habitandi

86 1547 199 1612 dedit.
246 1547 278 1611 Ο
295 1548 499 1632 praeclarum
521 1547 620 1628 diem,
636 1571 742 1631 quum
758 1549 799 1612 ad
824 1547 905 1612 illud
920 1547 1001 1611 divi·

89 1673 182 1716 num
198 1652 388 1715 animorum
403 1652 581 1715 concilium
594 1659 794 1736 coetumque
807 1650 1002 1737 proficiscar,

90 1778 272 1840 quumque
295 1778 336 1819 ex
354 1756 418 1820 hac
438 1759 537 1820 turba
559 1763 593 1822 et
608 1757 792 1821 colluvione
812 1755 1000 1821 discedam!

92 1858 293 1925 Proficiscar
308 1861 399 1924 enim
414 1882 482 1924 non
498 1860 541 1924 ad
557 1882 613 1924 eos
637 1861 746 1924 solum
761 1862 857 1940 viros,
872 1860 913 1924 de
929 1860 1000 1943 qui·

91 1966 163 2028 bus
178 1970 256 2028 ante
271 1964 358 2046 dixi3
380 1986 496 2028 verum
511 1965 614 2028 etiam
634 1966 677 2028 ad
696 1965 860 2028 Catonem
875 1985 1000 2044 meum,

93 2091 167 2153 quo
191 2091 291 2134 nemo
316 2070 364 2135 vir
387 2070 503 2133 melior
533 2075 632 2134 natus
662 2075 721 2150 est,
747 2090 845 2134 nemo
876 2070 1000 2155 pietate

93 2172 335 2260 praestantior!
358 2174 453 2257 cujus
469 2196 491 2237 a
508 2195 563 2237 rne
584 2196 703 2258 corpus
726 2180 911 2239 crematum
934 2180 1002 2255 est3

97 2278 205 2365 (quod
220 2285 334 2343 contra
349 2278 463 2341 decuit
478 2278 591 2342 abillo
607 2300 720 2343 meum
731 2280 752 2365 3)
771 2280 904 2344 animus
924 2301 1000 2343 vero

96 2403 167 2446 non
183 2403 238 2445 me
260 2383 423 2462 deserens,
437 2381 497 2446 sed
517 2389 715 2468 respectans,
731 2384 765 2446 in
790 2405 830 2447 ea
853 2381 1000 2468 proiecto

95 2486 173 2551 ioca
194 2486 355 2567 discessit,
369 2509 437 2570 quo
460 2487 542 2550 mihi
567 2488 634 2573 ipsi
649 2491 802 2552 cernebat
825 2509 897 2552 esse
911 2488 1001 2552 veni·

97 2591 234 2655 endum.
283 2589 397 2669 Quem
413 2613 476 2676 ego
498 2613 614 2656 meum
637 2614 754 2657 casum
778 2591 902 2657 fortiter
919 2591 1000 2656 ferre

97 2695 191 2758 visus
206 2715 304 2758 sum:
327 2715 396 2758 non
421 2716 490 2777 quo
516 2716 624 2779 aequo
646 2697 760 2759 animo
783 2695 919 2776 serrem3
943 2695 1001 2760 sed

98 2819 154 2861 me
169 2798 240 2882 ipse
255 2798 460 2878 consolabar,
476 2798 680 2878 existimans,
695 2820 762 2862 non
777 2800 1000 2884 longinquum

97 2904 259 2970 internos
275 2903 461 2990 digressum
477 2909 510 2967 et
524 2903 708 2968 discessum
724 2902 800 2966 sore.
840 2904 903 2968 His
917 2904 1002 2968 mihi

98 3009 206 3087 rebus,
224 3007 347 3092 Scipio,
365 3007 413 3094 (id
439 3009 528 3071 enim
551 3014 678 3072 tecum
705 3009 821 3072 Laelio
846 3007 1001 3073 admirari

100 3111 202 3177 solere
217 3111 352 3198 dixisti)
370 3112 451 3176 levis
473 3119 523 3176 est
547 3119 709 3193 senectus,
725 3136 786 3177 nec
807 3114 916 3178 solum
932 3135 1000 3177 non

101 3215 250 3297 molesta,
274 3216 334 3279 sed
359 3217 462 3280 etiam
484 3216 644 3301 jucunda.
693 3216 797 3295 Quod
821 3218 849 3281 si
871 3218 910 3282 in
938 3217 1001 3281 hoc

102 3341 178 3399 erro,
206 3317 295 3403 quod
328 3319 460 3383 animos
490 3319 665 3383 hominum
695 3321 900 3385 immortales
929 3341 1001 3384 esse

103 3423 240 3502 credam,
260 3423 410 3487 lubenter
433 3443 519 3503 err03
550 3444 611 3486 nec
633 3424 717 3488 mihi
741 3424 829 3488 hunc
853 3444 1000 3502 errorem,

104 3548 165 3612 quo
201 3525 353 3608 delector,
380 3526 462 3592 dum
493 3527 579 3607 vivo,
605 3528 790 3612 extorqueri
819 3527 914 3592 volo:
949 3527 1000 3591 sin
