2475 4092
234 327 277 392 76
505 349 658 394 soumuu
680 350 852 396 sermome.

231 507 302 568 tem
328 500 482 566 Paullum
497 503 677 588 patreml”
726 503 839 583 Quem
859 505 917 568 ubi
938 505 1019 584 vidi,
1046 505 1145 588 eqni·

232 605 310 671 dem
339 607 407 670 vim
433 606 643 672 lacrimarum
669 607 818 693 proludi3
851 608 905 672 ille
934 615 1056 673 aulem
1088 629 1144 672 me

232 711 422 796 complexus
438 717 537 795 alque
552 711 706 776 osculans
722 712 797 777 flere
813 714 1018 800 prohibebat

277 817 388 900 Atque
399 817 685 902 eguntprimum,
697 816 777 882 fletu
786 839 941 904 represso,
952 818 1050 902 loqui
1066 841 1140 904 pos-
1213 857 1214 860 =

232 943 268 986 se
289 923 393 1007 coepi,
407 929 426 964 “
439 920 604 1001 Quaeso?
619 923 767 1006 inquam,
782 929 799 964 “
809 929 901 1008 pater
919 925 1140 988 sanctissime
1213 995 1214 1000 γ

232 1033 333 1111 atque
351 1026 486 1111 optime,
501 1026 660 1110 quoniam
678 1027 761 1092 baec
778 1033 829 1092 est
850 1029 928 1107 vita,
946 1034 986 1091 ut
1007 1027 1138 1092 Africa·
1213 1103 1214 1118 χ

232 1152 315 1196 num
338 1130 439 1196 audio
461 1130 577 1210 dicere,
601 1131 684 1214 quid
707 1152 815 1196 moror
839 1132 875 1194 in
898 1132 1015 1196 terris?
1051 1135 1135 1215 quin
1213 1119 1214 1202 l

231 1235 298 1300 buc
312 1234 355 1299 ad
369 1255 429 1299 vos
444 1235 552 1297 venire
567 1255 704 1320 propero
715 1233 757 1299 'l’'
801 1235 907 1300 “Non
923 1241 975 1299 est
991 1237 1072 1314 iia,'’
1088 1238 1136 1299 in·

231 1339 305 1422 quit
327 1337 390 1401 ille.
433 1337 538 1402 “Nisi
561 1339 651 1402 enim
675 1338 757 1403 deus
780 1339 819 1417 is,
839 1338 933 1422 cujus
959 1340 1023 1402 boc
1050 1346 1136 1404 tem·
1213 1421 1214 1434 χ

230 1441 324 1528 plum
339 1447 391 1505 est
405 1463 504 1506 omne
527 1442 618 1524 quod
642 1443 815 1528 conspicis,
829 1443 901 1506 istis
921 1449 955 1506 ie
982 1445 1135 1528 eorporis
1213 1471 1214 1474 ¹

230 1545 390 1611 custodiis
416 1546 607 1626 liberaverit,
623 1547 689 1611 huc
713 1547 774 1610 tibi
797 1547 907 1611 aditus
929 1553 1044 1632 patere
1065 1568 1134 1612 non

230 1656 348 1737 potest,
394 1649 555 1714 Homines
576 1653 667 1714 enirn
693 1657 772 1714 sunl
793 1652 855 1715 hac
874 1651 946 1736 lege
970 1655 1133 1736 generati,

230 1756 288 1840 qui
302 1760 470 1819 tuerentur
484 1753 578 1818 illum
596 1754 742 1840 globum,
758 1776 858 1838 quem
874 1756 908 1818 in
924 1756 987 1819 hoc
1003 1757 1131 1840 templo
1213 1791 1214 1874 p

229 1861 378 1924 medium
394 1858 495 1937 vides,
509 1879 596 1941 quac
610 1863 695 1922 terra
709 1858 843 1938 dicitur;
867 1859 982 1941 bisque
995 1860 1133 1924 animus

230 1966 329 2030 datus
343 1970 394 2028 est
410 1985 451 2026 ex
464 1963 529 2028 illis
543 1964 750 2048 sempiternis
765 1964 906 2048 ignibus
918 1985 1006 2045 quae
1023 1964 1132 2028 sidera

230 2076 265 2134 et
281 2068 391 2132 stellas
406 2068 541 2143 vocatis,
559 2088 655 2149 quae,
671 2066 826 2151 globosae
842 2072 876 2130 et
891 2067 1067 2146 rotundae,
1082 2067 1130 2132 di·
1213 2133 1214 2160 ,

229 2172 315 2236 vinis
330 2171 498 2234 animatae
514 2171 690 2250 mentibus,
705 2170 843 2234 circulos
866 2191 943 2233 suos
967 2173 1129 2254 orbesque
1213 2219 1214 2222 η

230 2274 410 2340 conficiunt
438 2275 602 2339 celeritate
634 2275 787 2338 mirabili.
848 2275 961 2352 Quare
990 2281 1026 2338 et
1055 2277 1129 2355 tibi,

232 2380 337 2459 Publi,
351 2385 385 2443 et
399 2380 462 2464 piis
485 2381 640 2444 omnibus
663 2379 853 2444 retinendus
869 2386 919 2444 est
940 2380 1076 2444 animus
1091 2381 1127 2446 in

230 2484 382 2550 custodia
411 2484 562 2568 corporis,
586 2505 649 2547 nec
669 2484 798 2568 injussu
827 2484 908 2567 ejus,
934 2505 955 2546 a
980 2506 1048 2566 quo
1071 2485 1126 2548 ille

229 2599 281 2655 est
305 2589 399 2653 vobis
425 2588 533 2666 datus,
555 2609 594 2650 ex
616 2588 791 2651 hominum
815 2588 884 2652 vita
912 2588 1124 2673 migrandum

229 2701 289 2775 est,
305 2715 346 2758 ne
369 2714 492 2756 munus
515 2693 700 2756 humanum
723 2691 931 2776 assignatum
949 2692 1048 2755 adeo
1070 2691 1124 2756 de·

228 2799 352 2886 fugisse
374 2798 562 2862 videamini.
609 2796 675 2860 Sed
699 2797 755 2876 sic,
773 2795 948 2882 Scipioni
969 2818 1052 2861 avus
1072 2798 1123 2862 hie

228 2911 316 2984 tuus,
331 2911 370 2967 ut
391 2923 465 2989 ego,
479 2903 538 2986 qui
560 2908 592 2965 te
611 2903 721 2986 genui,
732 2902 899 2987 justitiam
923 2902 993 2965 cole
1009 2909 1043 2967 et
1057 2903 1121 2988 pie·

227 3014 352 3073 tatem:
375 3029 460 3090 quae
480 3027 584 3090 quum
605 3007 649 3069 sii
670 3027 793 3091 magna
816 3007 852 3070 in
877 3008 1068 3092 parentibus
1089 3015 1122 3072 et

228 3112 428 3198 propinquis,
443 3116 515 3176 tum
537 3111 571 3173 in
595 3110 702 3194 patria
722 3111 869 3174 maxima
887 3119 945 3174 est.
990 3112 1040 3175 Ea
1055 3113 1121 3175 vita

228 3217 283 3280 via
298 3217 396 3278 estin
411 3215 551 3294 caelum,
565 3221 599 3278 ei
613 3216 648 3278 in
665 3215 751 3277 bunc
773 3221 906 3279 coetum
926 3236 1049 3294 eorum,
1064 3217 1119 3298 qui

224 3321 294 3406 jam
323 3319 481 3398 vixerunt,
505 3325 539 3382 et
567 3339 701 3403 corpore
726 3317 830 3382 laxati
853 3318 948 3382 illum
973 3318 1120 3384 incolunt

227 3426 338 3490 locum
350 3445 450 3506 quem
464 3424 580 3502 vides,”
594 3425 679 3509 (erat
691 3428 804 3486 autem
815 3422 845 3486 is
858 3422 1118 3507 splendidissimo

228 3530 367 3595 candore
386 3529 468 3591 inter
482 3527 636 3591 flammas
658 3527 797 3592 circulus
819 3527 974 3615 elucens)
992 3536 1115 3612 “quem
