2475 4092
361 354 462 397 urana
485 353 505 396 ι.
551 355 621 397 car.
643 355 733 398 xnrx.
957 330 999 394 65

100 509 147 572 sit
161 506 213 571 vel
229 528 250 570 a
265 506 329 570 diis
351 506 602 584 immortalibus,
618 507 670 571 vel
686 529 706 571 a
722 513 848 586 natura,
864 512 998 592 parente

100 613 266 690 omnium,
289 612 517 674 constitutum.
571 611 649 674 Non
680 613 767 676 enim
792 617 914 676 temere
938 633 999 675 neo

99 715 238 780 fortuito
260 716 323 778 sati
340 720 373 779 et
398 715 498 778 creati
526 734 660 796 sumus3
683 717 739 779 sed
766 714 910 802 profecto
936 714 1000 779 fuit

100 821 271 904 quaedam
291 820 351 899 vis,
374 840 460 902 quae
490 821 602 904 generi
631 820 814 885 consuleret
843 822 1000 899 humano,

100 947 166 989 neo
187 926 220 988 id
243 925 391 1010 gigneret
413 929 472 988 aut
493 923 601 1003 aleret,
616 925 716 1006 quod,
731 946 836 1008 quum
852 923 1000 987 exancla-

99 1031 206 1092 visset
235 1049 351 1092 omnes
380 1027 517 1107 labores,
540 1034 614 1091 tum
640 1028 798 1093 incideret
820 1030 856 1092 in
885 1028 1000 1091 mortis

101 1133 233 1196 malurn
262 1133 508 1217 sempiternum.
553 1132 690 1196 Portum
713 1133 824 1217 potius
847 1139 1000 1218 paratum

101 1238 201 1301 nobis
216 1242 250 1300 et
264 1235 450 1323 perfugium
467 1243 632 1321 putemus.
678 1237 751 1301 119.
777 1236 856 1316 Quo
872 1238 1002 1300 utinam

100 1341 185 1404 velis
223 1343 328 1427 passis
365 1342 498 1426 pervehi
532 1339 650 1405 liceat!
713 1341 773 1406 Sin
809 1341 1001 1406 reflantibus

100 1447 212 1510 ventis
241 1447 432 1530 rejiciemnr,
459 1452 572 1510 tamen
598 1448 716 1510 eodem
742 1445 853 1532 paullo
875 1446 1001 1510 tardius

99 1549 280 1615 referamur
305 1573 438 1614 neeesse
464 1557 524 1615 est.
580 1550 683 1630 Quod
709 1558 823 1616 autem
846 1554 1002 1616 omnibus

102 1677 240 1720 neeesse
264 1660 324 1735 est,
349 1655 427 1718 idne
452 1657 609 1719 miserum
633 1677 704 1719 esse
728 1657 788 1719 uni
811 1655 1001 1741 potest?-

105 1758 222 1822 Habes
253 1759 431 1845 epilogum,
461 1780 503 1823 ne
533 1759 614 1842 quid
646 1761 913 1845 praetermissum
943 1766 1003 1824 aut

101 1863 256 1936 relietum
271 1869 375 1948 putes.

151 1967 191 2032 A.
223 1967 298 2052 Ego
312 1986 409 2047 vero;
431 1972 465 2030 et
479 1967 614 2049 quidem
639 1965 717 2030 fecit
740 1969 840 2031 etiam
863 1967 925 2030 iste
948 1987 1002 2030 me

104 2071 258 2158 epilogus
273 2071 457 2134 firmiorem.
502 2070 549 2134 M.
582 2071 727 2155 Optime,
741 2072 889 2153 inquam.
936 2071 1002 2135 Sed

105 2198 197 2240 nune
212 2175 347 2258 quidem
362 2175 545 2238 valetudini
568 2175 752 2238 tribuamus
768 2175 910 2258 aliquid;
932 2196 1003 2238 oras

106 2286 233 2359 autem,
248 2286 282 2342 et
305 2285 388 2363 quot
410 2279 481 2341 dies
507 2279 628 2342 erimus
650 2279 684 2342 in
711 2279 910 2359 Tusculum,
927 2301 1004 2365 aga·

106 2406 185 2448 mus
211 2385 300 2463 haee,
325 2390 358 2446 et
382 2404 422 2446 ea
448 2383 668 2467 potissimum,
691 2404 777 2465 quae
804 2383 1002 2447 levationem

107 2489 255 2551 habeant
267 2486 520 2571 aegritudinum,
531 2484 754 2564 formidinum,
766 2485 1004 2570 cupiditatum:

108 2592 168 2676 qui
183 2592 276 2655 omni
292 2613 310 2654 e
326 2591 532 2676 philosophia
546 2597 597 2654 est
611 2590 735 2654 fruetus
750 2591 942 2654 uberrimus.
