2475 4092
342 361 443 404 nrnnn
465 361 486 402 r.
531 361 601 404 cnr.
623 360 719 403 xvrrr.
740 359 811 404 xix.
984 335 1027 402 23

132 535 255 599 supera
284 535 413 599 semper
443 518 568 598 petunt.
629 513 690 592 Ita,
720 512 788 578 sive
820 511 1029 596 dissipantur,

135 619 248 705 procul
263 641 284 682 a
298 620 389 682 terris
404 619 439 682 id
454 620 581 698 evenit;
604 619 673 682 sive
695 623 890 702 permanent
904 622 939 679 et
952 637 1029 680 con·

136 731 266 788 servant
281 725 432 788 habiturn
448 745 557 802 suum,
573 725 636 786 hoc
650 723 752 788 etiam
772 722 880 808 magis
896 742 1030 786 necesse

136 835 187 892 est
208 829 351 892 ferantur
366 828 410 891 ad
424 828 564 905 caelum,
580 832 614 890 et
634 828 677 890 ab
691 827 732 890 iis
755 832 983 910 perrumpatur
997 831 1031 888 et

137 933 302 996 dividatur
326 953 455 996 crassus
479 933 533 995 hic
559 937 593 995 et
616 936 788 994 concretus
812 932 875 1009 adr,
899 931 958 1014 qui
981 933 1032 993 est

135 1043 239 1102 terrae
263 1036 440 1123 proximus.
488 1035 634 1099 Calidior
658 1039 709 1098 cst
732 1035 822 1098 enim
846 1034 898 1100 vel
920 1035 1031 1120 potius

137 1143 301 1206 ardentior
316 1141 459 1219 animus,
474 1161 576 1223 quarn
595 1145 647 1203 est
662 1140 715 1202 hic
729 1142 792 1217 adr,
807 1161 907 1222 quem
929 1137 1031 1202 modo

136 1247 204 1310 dixi
227 1267 373 1310 crassum
390 1251 489 1328 atque
512 1249 719 1308 concretum:
741 1244 832 1327 quod
846 1265 887 1308 ex
902 1266 942 1307 eo
958 1242 1032 1306 sciri

135 1357 255 1438 potest,
270 1351 328 1434 qui
351 1371 486 1435 corpora
510 1355 631 1427 nostra,
648 1354 775 1413 terreno
798 1349 1031 1434 principiorum

136 1477 254 1542 genere
269 1453 427 1533 conlecta,
443 1453 556 1518 ardore
571 1455 676 1518 animi
690 1454 932 1519 concalescunt

182 1560 274 1624 XIX.
317 1559 370 1623 43.
394 1559 540 1638 Accedit,
556 1563 594 1622 ut
609 1579 650 1622 eo
665 1558 794 1622 facilius
809 1559 941 1624 animus
957 1580 1031 1624 eva-

136 1664 196 1728 dat
211 1687 250 1727 ex
266 1666 328 1728 hoc
352 1667 435 1743 atre,
451 1685 551 1746 quem
567 1684 667 1747 saepe
689 1663 762 1746 jam
786 1663 925 1748 appello,
940 1685 1031 1728 eum·
1104 1659 1111 1670 ’

137 1790 202 1851 que
227 1776 424 1855 perrumpat,
445 1768 535 1851 quod
561 1768 644 1832 nihil
667 1773 717 1831 est
741 1769 854 1831 animo
878 1767 1032 1846 velocius,

138 1872 231 1936 nulla
247 1879 296 1936 est
311 1874 466 1952 celeritas,
481 1894 567 1954 quae
585 1873 690 1956 possit
705 1893 783 1936 cum
805 1873 911 1936 animi
925 1873 1032 1938 celeri·

137 1983 208 2042 tate
232 1978 436 2042 contendere.
483 1977 554 2055 Qui
579 1978 607 2040 si
637 1983 807 2061 pemranet
825 1977 1031 2062 incorruptus

138 2082 255 2163 suique
271 2082 396 2160 similis,
411 2101 543 2144 necesse
559 2086 609 2144 est
624 2081 672 2144 ita
687 2079 817 2160 feratur,
832 2086 871 2144 ut
886 2087 1032 2165 penetret

137 2190 172 2248 et
186 2186 313 2248 dividat
328 2205 427 2248 omne
452 2184 582 2248 caelum
608 2185 679 2263 hoc,
693 2185 728 2248 in
751 2206 817 2266 quo
841 2186 956 2265 nubes,
971 2186 1032 2252 im·

135 2291 217 2368 bres‚
243 2290 397 2372 ventique
424 2295 595 2374 coguntur,
621 2289 712 2372 quod
736 2294 770 2353 et
798 2290 974 2357 humidum
998 2296 1033 2354 et

136 2393 357 2479 caliginosum
397 2400 448 2457 est
486 2399 614 2478 propter
655 2393 881 2458 exhalationes
918 2400 1031 2461 terrae.

140 2498 254 2576 Quam
280 2499 449 2584 regionem
464 2520 569 2581 quum
594 2500 760 2582 superavit
778 2500 919 2579 animus,
935 2507 1030 2567 natu·

136 2625 272 2686 remque
294 2605 346 2667 sui
370 2603 512 2666 similem
530 2603 672 2687 contigit
692 2608 727 2666 et
748 2605 893 2687 agnovit,
907 2605 1030 2687 junctis

138 2729 177 2770 ex
189 2709 302 2772 anima
316 2709 409 2772 tenni
425 2713 459 2771 et
474 2729 513 2770 ex
530 2707 642 2770 ardore
658 2707 735 2771 solis
750 2712 933 2791 temperato
947 2709 1031 2792 igni·

137 2813 199 2875 bus
223 2813 354 2892 insistit,
379 2819 413 2876 et
438 2810 540 2874 finem
570 2811 669 2874 altius
696 2832 731 2874 se
761 2809 914 2876 efferendi
943 2810 1030 2878 facit.

143 2913 258 2992 Quum
275 2917 369 2980 enim.
379 2917 432 2980 sui
450 2915 593 2980 similem
609 2921 643 2978 et
656 2915 825 2979 levitatem
841 2920 875 2979 et
888 2915 1031 2982 calorem

138 3017 278 3102 adeptus
301 3027 358 3099 est,
374 3026 547 3104 tamquam
572 3022 703 3106 paribus
721 3021 930 3087 examinatus
951 3043 1030 3107 pon·

137 3122 278 3200 deribus‚
307 3124 432 3188 nullam
461 3127 497 3189 in
528 3131 653 3210 partem
679 3132 837 3204 movetur,
863 3147 969 3208 eaque
999 3127 1030 3190 ei

137 3226 274 3288 demum
298 3228 455 3292 naturalis
482 3235 532 3292 est
559 3228 662 3307 sedes,
678 3251 783 3311 quum
797 3230 841 3293 ad
856 3232 908 3294 sui
923 3231 1030 3294 simile

136 3333 328 3418 penetravit,
343 3333 378 3395 in
404 3355 480 3416 quo,
496 3335 587 3398 nulla
611 3355 645 3397 re
667 3355 777 3419 egens,
792 3335 896 3399 aletur
911 3341 944 3400 et
959 3357 1029 3400 sus·

136 3437 318 3500 tentabitur
334 3436 453 3501 iisdem
474 3441 579 3517 rebus,
595 3438 715 3520 quibus
733 3445 821 3503 astra
844 3445 1030 3504 sustentan-

137 3545 191 3604 tur
205 3546 238 3604 et
253 3540 394 3606 aluntur.
