2475 4092
219 309 263 376 40
391 329 653 375 ruscumrrssmr
675 327 948 373 orsrurmrorrurr

220 505 242 548 a
263 505 297 548 re
320 483 461 568 publica,
480 503 585 568 quum
610 503 631 546 a
652 482 788 568 negotio
809 482 903 546 omni
923 501 1145 546 sevocamus

220 588 396 654 animum?
422 590 512 672 quid,
530 589 679 671 inquam,
701 593 775 650 tum
796 587 940 672 agimus,
962 587 1031 650 nisi
1062 587 1141 650 ani·

219 713 314 758 muru
330 693 373 758 ud
391 715 426 758 se
441 695 553 778 ipsum
569 691 783 768 advocamus,
801 711 917 754 secum
940 711 1017 754 esse
1038 691 1140 776 cogi·

220 819 305 878 mus,
320 799 532 882 maximeque
550 817 572 861 a
586 816 720 880 corpore
738 794 962 859 abducimus?
1012 795 1139 862 Secer·

219 923 296 968 nere
322 909 436 967 autem
461 923 483 966 a
505 921 639 986 corpore
662 900 824 978 animum,
848 898 1137 982 necquidquam

220 1004 321 1086 eliud,
344 1013 395 1070 est
414 1005 497 1070 mori
518 1005 651 1068 discere.
699 1002 813 1080 Quare
835 1003 898 1066 boc
917 1009 1138 1066 commente-

219 1132 302 1190 mur,
318 1111 400 1176 mibi
422 1111 525 1188 crede,
540 1109 840 1192 disjungamusque
864 1127 926 1170 nos
942 1128 963 1169 a
981 1109 1135 1191 corpori·

219 1215 292 1292 bus,
309 1213 344 1276 id
369 1218 429 1292 est,
453 1231 711 1277 consuescamus
726 1211 819 1274 mori.
877 1209 953 1272 Hoc
970 1215 1016 1288 et,
1043 1210 1134 1274 dum

219 1317 340 1380 erimus
355 1317 389 1380 in
405 1317 505 1395 terris,
520 1316 580 1378 erit
600 1314 647 1378 illi
665 1313 800 1377 caelesti
822 1312 911 1376 vitae
927 1313 1062 1393 simile;
1086 1321 1132 1392 et,

218 1442 323 1505 quum
338 1420 416 1484 illuc
431 1443 471 1484 ex
486 1421 537 1484 his
552 1418 693 1482 vinculis
707 1418 821 1480 emissi
841 1414 993 1496 feremur,
1009 1419 1132 1482 minus

219 1525 401 1592 tardabitur
420 1545 535 1588 cursus
558 1523 754 1588 animomm.
801 1522 892 1585 Nam
906 1523 966 1604 qui
980 1523 1018 1586 in
1032 1545 1131 1586 com-

218 1629 358 1717 pedibus
384 1629 526 1713 corporis
556 1647 685 1710 semper
713 1624 856 1704 suerunt,
880 1627 983 1688 etiam
1015 1649 1130 1709 quum

219 1733 319 1800 soluti
339 1738 428 1811 suut,
450 1731 576 1796 tardius
594 1730 831 1816 ingrediuntur,
846 1736 887 1793 ut
907 1731 942 1808 ii,
957 1732 1018 1813 qui
1038 1729 1128 1795 serto

217 1839 320 1904 vincti
342 1837 466 1903 multos
481 1857 588 1901 anuos
610 1834 751 1898 fuerunt
800 1832 881 1911 Quo
895 1855 1004 1917 quum
1024 1857 1128 1900 vene·

216 1943 330 2022 rimus,
355 1949 430 2007 tum
454 1940 597 2022 denique
620 1939 781 2002 vivemus.
826 1937 916 2002 Nam
942 1940 1026 2003 baec
1051 1942 1128 2023 qui·

219 2046 295 2110 dem
313 2047 383 2109 vita
405 2066 493 2109 mors
515 2049 585 2122 est;
608 2064 712 2124 quam
733 2043 908 2107 lamentari
932 2064 1078 2128 possem,
1094 2047 1127 2110 si

218 2149 340 2214 liberet

262 2252 313 2315 76.
337 2251 377 2316 A.
411 2251 500 2316 Satis
523 2259 562 2316 tu
588 2252 725 2336 quidem
753 2253 789 2316 iu
818 2253 1059 2318 Consolatione
1085 2277 1124 2320 es

218 2356 439 2422 lamentatus:
461 2379 563 2439 quam
578 2379 684 2441 quum
699 2357 783 2442 lego,
799 2357 880 2421 nihil
900 2358 999 2437 melo,
1015 2381 1123 2443 quam

220 2462 280 2528 bas
294 2482 345 2525 res
359 2460 557 2543 relinquere;
580 2463 631 2526 his
646 2484 722 2525 vero
737 2462 839 2526 modo
861 2463 994 2543 auditis,
1010 2465 1122 2530 multo

218 2567 335 2653 magis.
380 2564 428 2630 M.
461 2566 583 2629 Veniet
597 2574 740 2651 tempus,
756 2573 790 2629 et
804 2567 940 2648 quidem
962 2567 1119 2649 celeriter,

218 2678 252 2736 et
280 2673 349 2738 sive
369 2673 558 2735 retractabis
583 2672 652 2734 sive
678 2672 886 2755 properabis3
908 2671 999 2736 volat
1025 2674 1119 2738 enim

218 2783 319 2842 aetas.
366 2777 514 2842 Tantum
540 2783 654 2840 autem
679 2778 774 2839 abest
795 2778 837 2838 ab
863 2797 913 2855 eo,
928 2782 967 2840 ut
986 2776 1115 2841 malum

218 2901 304 2944 mors
329 2882 380 2962 sit,
396 2882 486 2965 quod
510 2881 571 2944 tibi
595 2881 723 2944 dudum
746 2880 926 2958 videbatur,
942 2886 981 2944 ut
995 2902 1116 2962 verear,

217 3005 259 3048 ne
274 2985 399 3050 homini
422 2986 502 3050 nihil
528 2987 571 3049 sit
596 3006 662 3048 non
687 2983 815 3048 malum
839 2985 930 3048 aliud
946 2991 1041 3065 certe,
1057 2986 1117 3050 sed

216 3089 298 3154 nihil
313 3092 438 3155 bouum
455 3090 546 3155 aliud
562 3090 692 3175 potius;
715 3090 742 3152 si
757 3089 893 3172 quidem
908 3088 960 3152 vei
978 3089 1026 3152 dii
1040 3090 1114 3174 ipsi,

215 3195 267 3259 vel
297 3217 372 3260 cum
400 3198 462 3261 diis
487 3195 588 3260 futuri
619 3217 745 3258 sumus.
800 3195 841 3258 A.
875 3193 969 3272 Quid
993 3192 1113 3258 refert?

217 3302 264 3366 M.
291 3302 424 3365 Adsunt
450 3303 549 3379 enim,
573 3303 633 3384 qui
658 3301 740 3363 haec
763 3321 831 3362 non
847 3302 992 3384 probent
1038 3299 1113 3384 Ego

217 3410 330 3467 autem
357 3425 530 3485 nunquam
554 3405 603 3467 ita
627 3411 661 3467 te
681 3405 716 3465 in
742 3404 805 3466 hoc
830 3424 980 3466 sermone
1003 3403 1111 3468 dimit

216 3512 296 3584 tam,
322 3506 391 3570 ulla
416 3507 466 3568 uti
492 3508 618 3570 ratione
649 3529 737 3570 mors
767 3507 829 3569 tibi
854 3507 956 3569 videri
985 3507 1110 3573 malum

217 3612 329 3692 possit.
