2475 4092
388 375 488 416 1111111
510 375 530 416 1.
576 375 645 417 111.
667 375 751 417 xvn.
969 355 1011 420 21

119 529 244 607 omnia,
256 527 464 612 primumque
479 527 521 590 de
537 529 723 591 animorum
739 529 930 592 aeternitate
945 551 1012 593 non

118 635 227 698 solum
243 634 383 696 sensisse
398 633 497 712 idem,
513 634 601 715 quod
618 633 850 718 Pythagoram,
866 633 922 697 sed
937 635 1012 698 rati-

119 761 219 802 onem
245 739 344 801 etiam
371 737 528 800 attulisse.
577 737 701 817 Quam,
727 739 791 801 nisi
815 739 895 820 quid
921 739 1013 818 dicis,

118 843 429 928 praetermittamus
445 847 479 905 et
494 843 579 906 hanc
600 848 708 906 totam
732 863 824 927 spem
845 843 1012 907 immorta-

117 947 222 1011 litatis
247 947 481 1029 relinquamus.
513 973 514 978 ’
541 947 581 1010 A.
614 948 668 1010 An
694 953 742 1026 tu,
765 968 869 1029 quum
894 969 948 1011 me
976 949 1012 1010 in

118 1074 288 1116 summam
325 1053 604 1136 exspectationem
641 1052 824 1131 adduxeris,
856 1052 1012 1115 deseres?

119 1157 237 1220 Errare
261 1157 444 1220 mehercule
471 1158 559 1220 malo
580 1179 658 1221 cum
680 1157 827 1236 Platone,
850 1179 950 1239 quem
973 1163 1012 1221 tu

118 1263 236 1345 quanti
259 1260 361 1324 facias
387 1263 454 1325 scio
470 1268 503 1325 et
518 1284 618 1344 quem
642 1284 681 1324 ex
695 1268 755 1324 tuo
780 1283 834 1324 ore
861 1262 1011 1342 admiror,

118 1389 221 1450 quam
252 1389 329 1430 oum
358 1368 430 1430 istis
459 1389 535 1431 vera
565 1369 692 1430 sentire.
745 1367 869 1430 11111.
901 1367 1012 1431 Macte

117 1469 255 1535 virtute!
278 1493 340 1556 ego
366 1473 455 1535 enirn
470 1474 541 1556 ipse
557 1494 634 1536 cum
656 1472 773 1535 eodern
794 1472 867 1557 ipso
883 1494 950 1535 non
964 1473 1012 1536 in-

118 1577 207 1639 vitus
237 1577 418 1639 erraverim.
476 1577 567 1639 Num
596 1577 697 1661 igitur
726 1576 928 1655 dubitemne,
959 1597 1012 1656 an,

120 1681 206 1744 sicut
231 1680 410 1765 pleraque?
440 1702 645 1763 quamquam
672 1682 734 1743 hoc
757 1680 891 1763 quidem
917 1681 1011 1743 mini·

121 1805 194 1865 me3
227 1786 426 1870 persuadent
452 1787 541 1848 enim
568 1785 804 1864 mathematici,
828 1791 947 1848 terram
975 1785 1012 1848 in

121 1889 231 1954 medio
247 1889 372 1952 mundo
385 1891 484 1952 sitam
497 1890 540 1952 ad
551 1890 693 1953 universi
708 1889 791 1952 caeli
802 1889 1011 1972 complexum

121 1997 217 2078 quasi
241 1997 355 2080 puncti
380 1997 483 2058 instar
512 1995 668 2074 obtinere,
694 1995 784 2077 quod
812 1978 942 2076 κέντρον
964 1995 1012 2059 1111

119 2105 257 2180 vocant3
281 2122 355 2163 eam
371 2121 464 2185 porro
476 2106 630 2162 naturam
646 2121 717 2162 esse
729 2105 884 2181 quattuor
898 2100 1011 2164 omnia

120 2204 328 2290 gignentium
350 2225 532 2288 corporum,
547 2210 593 2283 ut,
609 2205 706 2286 quasi
727 2204 847 2287 partita
868 2205 1012 2267 habeant

119 2311 201 2373 inter
228 2331 262 2373 se
279 2331 318 2372 ac
338 2308 444 2372 divisa
468 2314 648 2387 momenta,
663 2315 787 2371 terrena
813 2314 847 2372 et
872 2309 1010 2373 humida

120 2419 237 2496 suopte
253 2417 339 2474 nutu
353 2419 386 2475 et
401 2433 461 2474 suo
482 2411 625 2496 pondere
641 2410 684 2473 ad
702 2406 795 2494 pares
819 2411 958 2496 angulos
973 2411 1008 2474 in

118 2523 236 2580 terram
252 2524 286 2580 et
299 2518 334 2580 in
350 2539 440 2580 mare
455 2516 615 2597 ferantur3
634 2516 777 2598 reliquae
789 2516 875 2578 duae
890 2522 1008 2600 partes,

119 2642 186 2684 una
201 2623 309 2706 ignea,
324 2622 426 2684 altera
447 2621 610 2699 animalis,
625 2627 663 2683 ut
680 2620 756 2683 illae
778 2621 958 2704 superiores
972 2621 1009 2683 in

120 2727 267 2789 medium
282 2726 393 2789 locum
408 2726 525 2789 mundi
545 2727 704 2810 gravitate
725 2724 867 2787 serantur
882 2730 915 2787 et
930 2745 1008 2809 pon-

121 2830 204 2907 dere,
227 2830 273 2892 sic
299 2829 361 2892 hae
386 2850 515 2893 rursum
535 2830 630 2892 rectis
653 2828 747 2890 lineis
772 2828 807 2890 in
833 2827 1008 2892 caelestem

120 2934 230 2996 locum
246 2935 427 3014 subvolent,
444 2936 512 2998 sive
536 2935 608 3018 ipsa
632 2938 749 2995 natura
772 2934 937 3016 superiora
952 2955 1008 3018 ap·

120 3043 260 3124 petente,
277 3039 344 3102 sive
369 3039 457 3121 quod
481 3061 502 3102 a
525 3039 726 3124 gravioribus
744 3037 865 3100 leviora
890 3044 1008 3103 natura

119 3142 322 3227 repellantur.
370 3142 467 3221 Quae
491 3164 596 3226 quum
616 3148 775 3221 constent,
799 3144 1007 3227 perspicuum

119 3247 216 3310 debet
242 3268 323 3325 csse,
339 3249 476 3326 animos,
492 3269 596 3330 quum
612 3269 631 3309 e
653 3268 784 3330 corpore
806 3249 1009 3328 excesserint,

121 3351 186 3416 sive
202 3351 248 3414 illi
265 3353 329 3415 sint
344 3352 512 3431 animales,
523 3353 558 3415 id
574 3357 624 3414 est
639 3351 814 3435 spirabiles,
825 3354 892 3415 sive
907 3353 1007 3438 ignei,

121 3456 259 3520 sublime
283 3455 363 3520 ferri.
416 3457 468 3521 41.
501 3457 539 3521 Si
568 3478 643 3520 vero
671 3462 730 3520 aut
754 3478 908 3520 numerus
937 3459 1007 3541 qui·

121 3562 198 3626 darn
229 3563 271 3626 111
297 3563 437 3644 animus,
468 3563 558 3645 quod
587 3562 747 3626 subtiliter
775 3563 882 3649 magis
905 3585 1006 3646 quarn
