2475 4092
379 345 477 388 mnan
500 345 521 386 1.
567 345 637 387 ean.
660 345 692 386 x.
715 342 760 385 xi.
977 321 1019 387 13

119 517 224 584 genus
263 497 400 562 adhibet
429 519 550 562 vacans
581 497 736 576 nomine3
770 502 803 559 et
832 497 879 560 sic
908 497 1019 582 ipsum

118 606 271 668 animum
289 587 490 687 ἐντελέχειαν
503 603 648 689 appellat
663 624 750 667 novo
767 604 910 683 nomine,
922 604 1020 687 quasi

118 708 287 791 quandam
314 711 545 772 continuatam
567 709 751 772 motionem
779 712 812 769 et
832 729 1019 793 perennem.

163 813 221 877 ΧΙ.
246 813 320 876 Nisi
342 834 428 896 quae
451 834 505 875 me
528 811 609 876 sorte
630 811 772 896 fugiunt,
789 813 850 874 hae
874 818 952 876 sunt
974 811 1018 876 f-

116 939 150 980 re
181 917 222 980 de
253 919 367 980 animo
405 918 598 981 sententiae.
659 916 888 980 Democritum
918 919 1018 997 enim,

118 1043 280 1106 magnum
301 1023 395 1085 illum
412 1022 547 1104 quidem
570 1023 687 1101 virum,
704 1021 761 1084 sed
780 1021 906 1085 levibus
922 1029 956 1085 et
969 1044 1017 1086 ro·

117 1127 231 1190 tundis
247 1127 449 1211 corpuscuiis
465 1126 662 1190 efficientem
687 1127 839 1190 animum
855 1149 1018 1192 concursu

118 1230 265 1312 quodam
292 1229 438 1309 fortuito,
463 1231 669 1294 omittamus.
729 1230 821 1293 Nihil
851 1237 902 1294 est
927 1233 1017 1296 enim

117 1337 207 1421 apud
222 1337 313 1414 istos,
330 1336 420 1418 quod
437 1357 503 1398 non
530 1341 717 1398 atomorum
733 1338 830 1398 turba
853 1335 1019 1401 conficiat.

117 1440 167 1504 23.
193 1440 322 1504 Harum
345 1441 582 1504 sententiarum
602 1461 688 1522 quae
705 1461 780 1502 vera
796 1441 847 1519 sit,
863 1441 945 1504 deus
961 1441 1018 1504 ali-

117 1547 175 1628 qui
190 1545 325 1625 viderit3
347 1567 434 1627 quae
449 1545 515 1607 veri
532 1544 710 1622 simillima,
725 1565 850 1629 magna
865 1547 1017 1627 quaestio

117 1655 176 1712 est.
222 1649 342 1712 Utrum
357 1650 458 1733 igitur
472 1649 556 1711 inter
572 1648 631 1711 has
644 1649 826 1711 sententias
838 1647 1018 1733 dijudicare

116 1754 295 1832 malumus,
321 1775 365 1815 an
395 1752 440 1815 ad
469 1753 678 1837 propositum
703 1752 833 1815 redire?
879 1753 919 1816 A.
953 1755 1018 1818 Cu·

118 1878 228 1941 perem
260 1857 414 1938 equidem
443 1862 630 1939 utrumque,
654 1857 683 1918 si
715 1862 848 1940 posset;
879 1857 936 1920 sed
967 1864 1019 1922 est

118 1961 249 2025 difficile
276 1959 485 2024 confundere.
534 1960 647 2038 Quare
663 1961 701 2038 si,
717 1967 755 2022 ut
778 1961 843 2023 ista
865 1983 932 2024 non
954 1962 1019 2025 dis·

118 2071 274 2145 serantur,
290 2066 418 2129 liberari
440 2067 555 2129 mortis
578 2072 673 2129 metu
687 2087 875 2150 possumus,
889 2068 924 2131 id
941 2090 1020 2154 aga·

117 2191 211 2251 mus;
234 2171 283 2234 sin
300 2170 336 2233 id
351 2191 417 2233 non
440 2176 558 2256 potest,
575 2171 638 2233 nisi
655 2171 716 2233 hac
739 2172 933 2252 quaestione
949 2174 1018 2236 ani·

116 2297 249 2340 morum
279 2275 453 2361 explicata,
484 2297 582 2354 nunc,
613 2276 641 2339 si
672 2274 809 2355 videtur,
835 2277 906 2357 hoc,
936 2278 1017 2342 iilud

117 2381 209 2445 alias.
577 2457 581 2463 ⁸

114 2510 121 2532 ·
161 2486 208 2550 M.
243 2475 346 2564 Quod
362 2485 460 2549 malie
475 2492 508 2549 te
523 2486 682 2571 intelligo
695 2487 728 2550 id
745 2494 826 2572 puto
843 2510 913 2552 esse
929 2511 1017 2554 com·

116 2590 259 2654 modius.
319 2589 452 2654 Efficiet
484 2591 573 2653 enim
606 2592 701 2671 ratio,
730 2601 769 2655 ut
797 2615 1018 2678 quaeeunque

116 2717 192 2758 vera
208 2697 251 2759 sit
266 2717 379 2759 earum
396 2696 645 2774 sententiarum,
661 2717 745 2778 quas
767 2699 913 2782 exposui,
928 2720 1018 2762 mors

118 2805 177 2862 aut
193 2801 319 2864 malum
342 2821 410 2862 non
435 2800 487 2878 sit,
504 2806 563 2863 aut
587 2801 631 2872 sit
653 2803 779 2865 bonum
800 2804 920 2887 potius.
965 2804 1017 2868 24.

119 2903 209 2966 Nam
233 2905 261 2966 si
285 2926 340 2967 cor
365 2910 427 2967 aut
449 2905 585 2988 sanguis
607 2910 667 2967 aut
687 2908 855 2970 cerebrum
874 2914 925 2972 est
948 2909 1018 2973 ani-

117 3028 203 3085 mus,
228 3013 322 3086 certe,
349 3008 510 3090 quoniam
538 3014 588 3071 est
612 3030 741 3092 corpus,
767 3011 915 3075 interibit
938 3035 1016 3077 cum

116 3110 242 3192 reliquo
258 3131 399 3194 corpore.
447 3110 485 3174 si
509 3112 624 3174 anima
645 3119 703 3192 est,
719 3111 856 3178 sortasse
880 3117 1017 3203 dissipa·

116 3215 223 3294 bitur;
256 3215 285 3277 si
307 3215 403 3299 ignis,
424 3217 670 3301 exstinguetur3
702 3219 730 3280 si
756 3224 807 3281 est
829 3221 1019 3286 Asistoxeni
1043 3299 1047 3306 η

117 3320 301 3398 harmonia,
316 3318 522 3383 dissolvetur.
570 3320 663 3398 Quid
678 3322 719 3385 de
742 3322 946 3389 Dicaearcho
970 3327 1022 3390 di.»

117 3446 202 3504 cam,
218 3425 276 3507 qui
291 3423 373 3487 nihil
389 3425 525 3489 omnino
542 3427 694 3489 animum
709 3428 799 3493 dieat
813 3431 908 3494 esse?
953 3431 1018 3496 His

119 3531 292 3594 sententiis
316 3530 472 3594 omnibus
496 3531 578 3596 nihil
601 3536 678 3617 post
697 3540 838 3598 mortem
860 3536 1018 3620 pertinere
