2475 4092
211 319 255 385 14
383 341 644 384 rusouuarmrnnr
666 340 939 385 nrsrorarronuu

211 493 254 559 ad
284 515 487 577 quemquam
517 499 646 579 potest3
676 494 797 578 pariter
820 494 912 558 enim
937 513 1018 558 cum
1043 493 1120 557 vita

211 621 328 664 sensus
343 601 523 679 amittitur3
546 621 613 664 non
629 600 803 664 sentientis
818 604 944 678 antem,
955 597 1038 662 nihil
1053 603 1118 678 est,

210 704 315 768 ullam
330 705 364 768 in
379 709 508 789 partem
523 705 614 786 qnod
629 705 765 768 intersit.
811 703 1029 786 Reliquorum
1040 723 1120 766 sen-

210 810 335 874 tentiae
360 829 454 893 spem
478 806 629 889 afferunt,
653 809 682 873 si
705 815 740 872 te
764 809 828 872 boc
852 806 936 872 sorte
959 806 1117 888 delectat,

211 934 307 998 posse
331 914 471 991 animos,
486 933 591 995 quum
607 935 626 976 e
640 914 830 998 corporibus
853 912 1061 990 excesserint,
1076 911 1117 974 in

211 1019 351 1096 caelum,
376 1018 472 1100 quasi
500 1017 535 1080 in
562 1017 772 1080 domicilium
801 1037 911 1096 suum,
935 1016 1119 1102 pervenire.

213 1122 253 1187 A.
286 1122 342 1186 Me
357 1143 433 1184 vero
448 1120 598 1200 delectat,
613 1121 714 1204 idque
735 1122 880 1206 primum
902 1121 951 1185 ita
970 1141 1044 1184 esse
1059 1141 1118 1184 ve·

211 1227 288 1307 lim;
310 1227 438 1306 deinde,
463 1228 564 1290 etiam
590 1227 618 1290 si
642 1247 710 1290 non
734 1227 787 1306 sit,
809 1226 894 1290 milri
922 1225 1118 1311 persuaderi

211 1337 326 1395 tamen
342 1331 449 1394 velim.
494 1330 541 1395 M.
575 1330 670 1409 Quid
696 1332 758 1394 tibi
781 1351 859 1416 ergo
883 1351 984 1415 opera
999 1337 1118 1394 nostra

212 1456 297 1520 opus
323 1435 398 1498 est?
430 1456 512 1499 num
541 1435 732 1517 eloquentia
757 1434 930 1499 Platonem
958 1456 1117 1520 superare

212 1538 416 1624 possumus?
461 1538 587 1602 Evolve
602 1539 775 1625 diligenter
789 1540 861 1624 ejus
883 1561 963 1604 eum
981 1541 1119 1620 librum,

211 1645 269 1726 qui
285 1650 336 1708 est
350 1644 391 1708 de
407 1644 539 1723 animo;
561 1644 706 1728 amplius
728 1645 819 1727 quod
839 1645 1013 1726 desideres,
1029 1647 1117 1711 nihil

211 1750 280 1812 erit.
335 1748 375 1813 A.
406 1747 487 1812 Feci
515 1748 711 1827 mehercule,
735 1749 929 1832 etquidem
959 1751 1117 1837 saepius;

210 1854 269 1918 sed
281 1854 393 1918 nescio
408 1874 476 1936 quo
492 1853 602 1931 modo,
618 1853 700 1917 dum
718 1853 802 1938 lego,
817 1855 988 1935 assentior,
1003 1877 1115 1940 quum

210 1961 308 2044 posui
336 1959 457 2023 librum
481 1964 516 2022 et
540 1979 674 2022 mecum
696 1959 768 2042 ipse
794 1958 835 2022 de
858 1960 1115 2028 immortalitate

210 2066 399 2129 animorum
428 2064 523 2148 coepi
552 2063 706 2147 cogitare,
736 2064 884 2128 assensio
913 2067 1024 2130 omnis
1052 2067 1115 2132 illa

212 2166 359 2231 elabitur.

254 2271 306 2334 25.
328 2269 376 2334 Μ
410 2268 503 2347 Quid
527 2267 613 2333 boc?
635 2268 739 2333 dasne
754 2278 815 2338 aut
828 2293 963 2338 manere
978 2277 1115 2341 animos

210 2381 288 2460 post
309 2380 460 2451 mortem,
476 2379 535 2437 aut
558 2379 664 2436 morte
688 2374 763 2459 ipsa
784 2376 939 2442 interire?
984 2379 1025 2444 A
1055 2380 1114 2446 Do

210 2501 294 2544 vero.
339 2479 388 2543 M.
417 2477 532 2555 Quid?
556 2478 583 2540 si
598 2479 783 2544 maneant?
828 2481 868 2546 A
894 2483 1021 2549 Beatos
1036 2507 1114 2550 esse

208 2583 363 2649 concedo.
408 2582 456 2647 Μ
488 2582 548 2647 Sin
563 2583 749 2647 intereant?
795 2585 834 2650 A.
866 2587 945 2652 Non
959 2610 1033 2654 esse
1047 2592 1115 2655 mi-

207 2711 305 2770 seros,
321 2688 482 2773 quoniam
498 2708 540 2751 ne
564 2687 631 2750 sint
654 2687 800 2771 quidem.
842 2691 921 2756 Jarn
940 2694 1041 2775 istud,
1056 2715 1113 2760 co-

207 2798 273 2860 acti
296 2818 318 2860 a
343 2802 385 2875 te,
411 2793 525 2879 paullo
549 2799 628 2856 ante
654 2796 888 2861 concessimus.
944 2798 993 2863 M.
1027 2799 1113 2878 Quo

206 2901 307 2966 modo
329 2901 430 2986 igitur
453 2903 514 2963 aut
536 2919 594 2962 cur
616 2905 759 2962 mortem
785 2901 913 2965 malum
928 2904 990 2968 libi
1004 2904 1113 2969 videri

206 3007 298 3086 diois,
322 3027 408 3090 quae
429 3011 490 3070 aut
514 3006 631 3068 beatos
658 3026 719 3069 nos
743 3004 872 3085 efficiet,
892 3009 1015 3073 animis
1036 3031 1113 3074 ma·

205 3114 369 3192 uentibus,
385 3117 528 3176 autnon
544 3111 691 3191 miseros,
707 3131 808 3175 sensu
822 3113 998 3177 carentes?

249 3217 325 3282 XII.
368 3216 420 3282 26.
453 3215 493 3282 A.
525 3214 667 3300 Expone
695 3215 807 3300 igitur,
833 3217 900 3280 nisi
926 3217 1112 3282 molestum

204 3329 264 3402 est7
289 3323 443 3407 primum,
473 3321 504 3384 si
532 3326 639 3404 potes,
669 3321 801 3384 animos
829 3341 1000 3386 remanere
1029 3329 1114 3407 post
1208 3353 1213 3360 ·

205 3433 362 3507 mortem3
383 3432 467 3504 tum,
491 3424 522 3487 si
544 3425 658 3488 minus
679 3424 716 3488 id
736 3425 910 3505 obtinebis,
934 3426 1000 3513 (est
1014 3427 1112 3492 enim

205 3531 369 3618 arduum)
400 3527 545 3608 docebis,
574 3549 682 3592 carere
711 3530 806 3594 omni
834 3529 925 3594 malo
953 3536 1113 3596 mortem.
