2475 4092
337 357 437 400 crasa
459 357 479 397 ι.
524 356 594 398 oar.
616 356 690 398 xnr.
712 354 782 397 inv.
961 332 1003 398 la

108 510 265 574 bineturl
313 508 406 572 Tolle
437 510 521 572 hano
547 508 760 592 opinionem;
782 509 910 572 luctum
934 532 1003 573 sus·

107 616 229 678 ‘rideris
284 614 393 677 Nemo
420 615 510 676 enim
536 618 662 676 maeret
689 635 749 676 suo
774 614 1007 695 incommodo,

109 721 222 783 dolent
250 719 386 782 fortasse
417 724 450 780 et
479 723 654 802 anguntur,
685 718 743 781 sed
772 718 829 782 illa
857 719 1007 804 lugubris

108 822 304 887 lamentatio
332 822 493 903 fletusque
520 841 670 884 maerens
700 843 740 882 ex
766 843 806 885 eo
830 828 890 902 est,
914 824 1006 906 quod:

109 949 197 1006 enm,
213 949 313 1010 quern
329 927 514 1005 dileximus,
530 927 618 990 vitae
634 927 820 990 commodis
838 928 1007 1011 privatum·

109 1033 304 1094 arbitramur
317 1031 417 1113 idque
433 1031 560 1093 sentire.
607 1030 719 1111 Atque
736 1030 816 1093 haec
837 1032 885 1094 ita
906 1033 1007 1096 senti·

109 1158 185 1199 mus
215 1141 334 1199 natura
364 1134 456 1214 duce,
481 1135 573 1198 nulla
598 1135 724 1198 ratione
748 1135 904 1218 nullaque
929 1137 1006 1201 doc·

108 1243 203 1304 trina.
494 1250 495 1253 ’

154 1344 248 1409 XIV.
292 1344 343 1408 31.
369 1344 556 1408 Maximum
582 1366 657 1407 vero
686 1350 920 1429 argumentum
946 1350 1009 1423 est,

110 1456 264 1514 naturam
279 1451 387 1535 ipsam
402 1450 443 1512 de
458 1450 708 1513 immortalitate
723 1451 910 1513 animorum
925 1451 1005 1512 taci-

108 1561 179 1619 tam
192 1556 348 1639 judicare,
363 1555 451 1636 quod
468 1556 623 1617 omnibus
639 1577 735 1618 curae
751 1561 837 1634 sunt,
854 1561 887 1618 et
901 1555 1007 1618 maxi·

109 1683 185 1723 mae
201 1661 346 1743 quidem,
361 1682 446 1741 quae
462 1666 537 1744 post
552 1667 692 1723 mortem
708 1660 818 1723 futura
834 1662 907 1724 sint
950 1660 1004 1741 Sc·

109 1767 153 1828 rit
175 1766 314 1842 arborea,
330 1784 410 1843 quoe
431 1765 525 1827 alteri
547 1765 674 1827 soeculo
692 1765 828 1842 prosint,
842 1770 881 1826 ut
903 1766 951 1827 ait
969 1766 1006 1828 in

114 1867 340 1952 Synephebis3
374 1867 454 1949 quid
478 1873 640 1950 spectans,
664 1869 729 1930 nisi
752 1869 854 1930 etiam
875 1875 1005 1952 postera

111 1972 245 2036 saecula
269 1972 312 2034 ad
342 1993 376 2034 se
406 1971 588 2055 pertinere?
643 1972 732 2056 Ergo
763 1974 892 2035 arbores
922 1981 1006 2038 seret

111 2076 250 2161 diligens
278 2075 428 2160 agricola,
445 2097 585 2158 quarum
610 2075 771 2160 adspiciet
793 2079 911 2139 bacam
933 2079 1005 2162 ipse

111 2202 301 2263 nunquam:
323 2181 370 2241 vir
393 2201 536 2263 magnus
562 2179 660 2264 leges,
675 2181 838 2260 instituta,
853 2202 923 2244 rem
947 2203 1005 2266 pu·

108 2287 231 2349 blicam
254 2306 321 2348 non
341 2283 446 2347 seret?
503 2283 595 2361 Quid
617 2285 797 2368 procreatio
819 2286 1004 2366 liberorum,

109 2391 190 2474 quid
206 2390 401 2474 propagatio
426 2389 580 2467 neminie,
595 2389 677 2470 quid
697 2389 928 2473 adoptationes
944 2391 1005 2456 fili·

110 2517 214 2575 orum,
230 2494 312 2578 quid
335 2499 610 2557 testamentorum
629 2494 812 2579 diligentia,
827 2497 908 2579 quid
931 2498 1005 2582 ipsa

110 2599 333 2685 sepulcrorum
348 2603 576 2677 monumenta,
588 2599 669 2681 quid
684 2599 792 2684 elogia
808 2600 1006 2685 significant,

110 2705 174 2768 nisi
190 2726 250 2766 nos
265 2701 375 2766 sutura
390 2705 492 2767 etiam
504 2701 671 2786 cogitare?
715 2703 766 2765 32.
793 2702 886 2780 Quid
900 2705 1005 2768 ffludl

111 2829 193 2870 num
210 2807 350 2887 dubitas,
366 2808 447 2890 quin
463 2807 632 2892 specimen
647 2812 786 2869 naturae
801 2809 876 2891 capi
890 2808 1006 2874 deceat

112 2934 152 2974 ex
168 2913 295 2996 optima
311 2935 442 2995 quaque
467 2911 608 2976 natural
631 2933 718 2993 quae
741 2917 791 2974 est
813 2913 928 2977 melior
945 2916 1004 3000 igi·

110 3022 165 3079 tur
190 3017 223 3078 in
251 3017 424 3080 hominnm
455 3037 573 3101 genere
598 3021 725 3094 natura,
750 3038 853 3098 quam
881 3040 1005 3100 eorum,

111 3121 170 3204 qni
200 3141 234 3183 se
261 3126 356 3183 natos
386 3121 428 3184 ad
458 3121 609 3183 homines
632 3121 808 3204 juvandos,
836 3125 1005 3205 tutandos,

112 3225 354 3289 conservandos
379 3224 596 3288 arbitrantur?
644 3224 737 3288 Abiit
760 3226 804 3289 ad
829 3227 908 3291 deos
926 3229 1005 3292 Her-

113 3331 220 3394 cules:
252 3351 425 3412 nunquam
455 3331 585 3409 abisset,
609 3330 683 3407 nisi,
712 3352 817 3412 quum
840 3333 924 3396 inter
951 3334 1007 3396 ho·

113 3437 220 3500 mines
236 3441 331 3514 esset,
347 3455 422 3497 eam
445 3435 507 3497 sibi
522 3435 610 3497 viam
634 3435 838 3498 munivisset.
884 3437 1007 3502 Vetera

109 3542 181 3626 jam
196 3541 261 3604 ista
276 3546 309 3604 et
319 3539 475 3624 religione
492 3539 644 3602 omnium
659 3547 855 3605 consecrata.

375 3643 396 3708 2
