2475 4092
406 384 557 426 sourrunu
579 385 752 427 scrrrours.
978 359 1021 424 77

121 559 196 618 vos,
212 544 251 602 ut
272 559 292 600 a
310 536 419 600 Graiis
442 537 624 622 accepistis,
639 539 750 600 orbem
773 537 917 601 lacteum
940 555 1021 598 nun-

121 642 304 726 cupatis”:
319 662 359 703 ex
371 663 438 723 quo
454 643 567 704 omnia
582 642 664 704 mihi
679 641 915 726 contemplanti
931 659 1022 723 prae·

122 745 216 809 clara
238 752 345 808 cetera
360 752 394 807 et
409 744 570 808 mirabilia
588 745 792 808 videbantur.
837 743 942 807 Erant
964 764 1021 806 au-

120 856 197 914 tem
228 872 288 914 eae
317 850 440 928 stellae,
470 871 554 932 quas
583 871 757 933 nunquam
788 871 827 912 ex
859 852 920 913 hoo
949 847 1021 911 loco

122 956 282 1034 vidimus,
312 961 346 1018 et
374 975 433 1018 eae
463 955 711 1040 magnitudines
748 955 908 1032 omnium,
938 973 1021 1036 quas

122 1081 199 1124 esse
215 1080 387 1142 nunquam
411 1061 569 1145 suspicati
593 1078 726 1140 sumus;
757 1081 795 1122 ex
818 1059 938 1142 quibus
954 1062 1023 1121 erat

122 1165 184 1228 illa
209 1165 359 1243 minima,
374 1185 460 1246 quae
480 1163 600 1227 ultima
622 1185 642 1227 a
665 1163 765 1242 caelo,
787 1163 901 1226 citima
921 1160 1022 1240 terris,

122 1269 200 1333 luce
218 1269 350 1332 lucebat
365 1268 482 1332 aliena.
530 1267 706 1332 Stellarum
726 1273 838 1331 autem
857 1266 946 1352 globi
961 1271 1022 1328 ter·

122 1394 182 1437 rae
209 1372 473 1458 magnitudinem
498 1370 593 1435 facile
618 1373 803 1435 vincebant.
846 1370 922 1434 Jam
949 1372 1022 1455 ipsa

123 1482 210 1540 terra
240 1478 288 1539 ita
317 1477 400 1539 mihi
430 1497 532 1560 parva
561 1477 633 1540 visa
661 1482 720 1557 est,
744 1482 784 1540 ut
809 1497 863 1539 me
893 1475 1021 1560 imperii

123 1581 237 1659 nostri,
253 1602 320 1664 quo
335 1581 431 1663 quasi
449 1587 611 1666 punctum
633 1582 704 1665 ejus
725 1580 930 1664 attingimus,
947 1599 1021 1663 poe·

123 1685 252 1748 niteret.

171 1787 231 1852 IV.
258 1787 372 1866 Quam
395 1810 499 1871 quum
522 1790 631 1873 magis
653 1790 803 1867 intuerer,
821 1795 838 1829 “
854 1787 1019 1866 Quaeso,”

121 1893 234 1975 inquit
265 1893 451 1972 Africanus,
480 1901 683 1978 “quousque
713 1894 807 1957 humi
830 1892 937 1956 delixa
960 1897 1021 1954 tua

121 2019 218 2061 mens
243 1997 326 2061 erit?
387 1999 508 2062 Nonne
538 1999 691 2083 adspicis,
715 2019 802 2080 quae
831 1998 865 2060 in
895 1996 1020 2081 templa

122 2102 273 2165 veneris?
319 2102 448 2166 Novem
464 2104 524 2165 tibi
540 2103 683 2182 orbibus,
698 2101 749 2165 vel
771 2102 881 2186 potius
904 2100 1019 2186 globis,

123 2228 275 2270 connexa
289 2214 367 2270 sunt
383 2209 512 2271 omnia:
535 2228 677 2291 quorum
693 2228 780 2270 unus
796 2213 847 2270 est
861 2206 1020 2286 caelestis,

122 2312 276 2390 extimus
292 2312 350 2395 qui
371 2311 513 2394 reliquos
536 2334 652 2375 omnes
676 2310 911 2397 complectitur,
931 2332 1019 2375 sum·

121 2435 201 2478 mus
216 2416 287 2500 ipse
310 2416 402 2493 deus,
417 2437 530 2480 arcens
546 2423 580 2480 et
595 2418 767 2480 continens
789 2417 1019 2494 ceteros-in

121 2540 190 2602 quo
206 2519 298 2582 infixi
322 2525 402 2583 sunt
418 2520 475 2599 illi,
490 2522 547 2603 qui
570 2523 752 2601 volvuntur,
769 2520 933 2584 stellarum
950 2542 1020 2584 cur·

122 2643 180 2686 sus
211 2625 421 2708 sempiterni;
454 2626 509 2688 oui
530 2624 669 2709 subjecti
693 2630 771 2688 sunt
795 2631 931 2709 septem,
962 2625 1019 2707 qui

121 2734 291 2791 versantur
314 2735 407 2807 retro,
431 2730 592 2792 contrario
617 2734 721 2808 motu,
745 2734 845 2811 aque
871 2728 1019 2808 caelum3

121 2853 163 2895 ex
178 2835 299 2916 quibus
326 2855 433 2897 unum
458 2834 594 2920 globum
620 2834 767 2918 possidet
788 2833 853 2912 illa,
864 2855 968 2915 quarn
982 2834 1017 2898 in

121 2939 213 3002 terris
240 2938 430 3002 Saturniam
463 2941 656 3020 nominant;
687 2939 806 3002 deinde
836 2945 886 3002 est
912 2939 1016 3003 borni·

123 3063 204 3104 num
221 3043 330 3126 generi
349 3063 523 3127 prosperus
538 3050 572 3107 et
587 3043 739 3107 salutaris
761 3042 814 3106 ille
829 3041 944 3127 fulgor,
960 3043 1019 3127 qui

121 3145 241 3209 dicitur
268 3145 378 3226 Jovis3
413 3153 485 3210 tum
514 3147 633 3210 rutilus
663 3146 886 3230 horribilisque
917 3149 1017 3225 terris,

122 3272 221 3335 quem
248 3251 406 3315 Martium
432 3252 559 3331 dicitis3
590 3251 708 3315 deinde
733 3255 843 3315 subter
872 3254 1016 3320 mediam

121 3355 184 3420 sere
208 3357 375 3440 regionem
410 3356 467 3420 Sol
494 3358 630 3435 obtinet,
655 3357 722 3419 dux
747 3362 781 3420 et
804 3358 954 3442 princeps
983 3363 1018 3422 et

121 3459 305 3524 moderator
340 3460 507 3523 luminum
535 3461 745 3544 reliquorum,
776 3483 869 3526 mens
900 3462 1016 3528 mundi

122 3570 154 3628 et
167 3566 374 3650 temperatio,
389 3571 484 3629 tanta
507 3566 748 3651 magnitudine,
763 3573 802 3631 ut
819 3573 939 3631 cuncta
954 3589 1017 3632 sua
