2475 4092
384 331 485 376 maen
507 333 528 376 1.
574 333 644 376 oar.
668 332 703 375 rr.
727 331 776 376 ur.
1004 309 1026 377 3

126 507 166 551 eo
182 506 300 574 genere
323 487 525 566 exstiterunt,
541 506 609 549 non
634 486 715 550 satis
732 486 933 550 Graecorum
957 486 1026 573 glo·

125 593 193 656 riae
217 590 462 675 responderunt
506 591 537 654 4.
563 591 616 654 An
641 609 825 670 censemus,
852 591 881 654 si
909 591 1027 672 Fabio,

127 696 334 759 nobilissimo
350 696 486 774 homini,
501 695 593 758 laudi
608 694 726 758 datum
743 700 838 774 esset,
850 695 940 778 quod
955 696 1027 780 pin·

127 807 227 887 geret,
240 821 306 864 non
322 800 446 865 multos
468 801 571 864 etiam
594 799 686 885 apud
700 819 762 863 nos
779 797 908 864 futuros
932 800 1028 887 Poly·

127 905 231 970 eletos
257 911 291 967 et
317 903 507 968 Parrhasios
531 902 658 967 fuisse?
705 903 822 968 Honos
846 903 907 969 alit
931 911 1027 985 artes,

10 1017 12 1022 ’
128 1030 311 1092 omnesque
333 1008 555 1073 incenduntur
570 1008 613 1071 ad
629 1008 740 1072 studia
762 1007 884 1093 gloria,
902 1009 1028 1094 jacent-

128 1135 193 1198 que
209 1135 250 1178 ea
265 1135 402 1199 semper,
418 1135 504 1197 quae
520 1113 610 1198 apud
626 1134 777 1197 quosque
791 1113 1028 1198 improbantur.

131 1219 311 1284 Summam
335 1219 554 1282 eruditionem
578 1218 698 1282 Graeci
724 1219 824 1282 sitam
849 1222 1030 1284 censebant

127 1325 163 1388 in
179 1344 352 1388 nervorum
363 1344 550 1406 vocumque
566 1323 727 1386 cantibus.
773 1323 877 1408 Igitur
891 1330 926 1387 et
941 1325 1029 1410 Epa·

128 1429 316 1507 minondas,
339 1429 499 1513 princepe,
522 1449 598 1491 meo
619 1427 756 1513 judicio,
775 1428 943 1509 Graeciae,
958 1428 1029 1494 fidi-

128 1535 191 1597 bus
208 1531 372 1619 praeclare
387 1532 545 1596 cecinisse
561 1530 698 1612 dicitur,
723 1532 1030 1617 Themistoclesque

129 1639 258 1721 aliquot
280 1642 357 1700 ante
381 1637 487 1716 annis,
503 1657 608 1719 quum
623 1636 658 1699 in
674 1636 781 1721 epulis
804 1643 969 1701 recusaret
983 1637 1030 1723 ly·

129 1764 210 1820 ram,
236 1747 287 1805 est
316 1742 449 1805 habitus
478 1741 651 1804 indoctior.
707 1741 797 1825 Ergo
823 1741 858 1805 in
888 1742 1031 1806 Graecia

52 1891 54 1895 .
130 1847 251 1911 musici
278 1845 474 1921 floruerunt;
497 1845 735 1928 discebantque
756 1845 791 1908 id
814 1867 940 1926 omnes,
961 1867 1031 1927 nec,

131 1953 190 2035 qui
219 1952 396 2028 nesciebat,
421 1950 502 2013 satis
528 1948 681 2012 excultus
711 1949 860 2013 doctrina
889 1952 1028 2034 putaba-

130 2064 193 2121 tur.
238 2054 267 2118 5.
292 2055 331 2119 In
347 2075 479 2118 summo
495 2052 585 2139 apud
608 2053 683 2117 illos
703 2053 826 2117 honore
849 2056 1032 2138 geometria

130 2160 213 2242 fuir3
242 2161 356 2243 itaque
382 2158 464 2222 nihil
490 2157 736 2221 mathematicis
761 2157 927 2222 illustrius.
985 2159 1033 2223 At

131 2287 192 2330 nos
208 2263 368 2328 metiendi
382 2262 667 2345 ratiocinandique
679 2262 823 2326 utilitate
838 2263 937 2346 hujus
951 2263 1031 2328 artis

34 2371 58 2420 ’·
130 2371 381 2436 terminavimus
397 2367 545 2432 modum.

177 2475 237 2539 Ill.
263 2475 309 2539 At
324 2479 439 2539 contra
455 2478 617 2536 oratorem
633 2471 778 2536 celeriter
799 2472 963 2558 complexi
978 2495 1031 2538 su·

132 2599 226 2659 mus3
250 2601 312 2645 nec
337 2599 415 2642 eum
442 2578 548 2662 primo
575 2577 751 2656 eruditum,
775 2583 893 2662 aptum
916 2583 1031 2642 tamen

132 2687 177 2750 ad
192 2684 385 2763 dicendum;
407 2688 484 2769 post
499 2687 612 2746 autem
628 2681 802 2745 eruditum.
851 2683 938 2746 Nam
953 2682 1032 2747 Gal·

133 2791 223 2868 bam,
248 2787 451 2866 Africanum,
475 2785 640 2864 Laelium,
660 2785 776 2849 doctos
805 2784 908 2849 fuisse
933 2787 1032 2851 tradi·

133 2899 208 2958 tum
231 2899 300 2973 est;
324 2891 511 2956 studiosum
534 2896 649 2954 autem
673 2909 761 2969 eum,
776 2890 835 2972 qui
858 2891 900 2953 iis
923 2897 1033 2956 aetate

134 2998 292 3076 anteibat,
311 2997 492 3076 Catonem;
515 3000 591 3080 post
613 3015 698 3073 vero,
716 2993 892 3079 Lemdum,
910 2995 1033 3061 Carbo·

76 3103 89 3122 '
135 3124 223 3181 nem,
252 3101 437 3180 Gracchos;
467 3099 545 3163 inde
571 3101 619 3162 ita
645 3120 787 3183 magnos
813 3106 962 3166 nostram
988 3102 1033 3166 ad

41 3195 43 3200 ¹
134 3214 291 3286 aetatem,
305 3211 345 3270 ut
366 3226 435 3269 non
449 3204 595 3269 multum
611 3211 671 3267 aut
684 3204 766 3268 nihil
779 3207 917 3270 omnino
931 3207 1033 3272 Grae·

135 3315 182 3379 cis
202 3312 378 3378 cederetur.

179 3416 392 3502 Philosophia
404 3415 509 3500 jacuit
524 3437 632 3499 usque
647 3416 691 3481 ad
704 3418 789 3482 hanc
804 3423 959 3497 aetatem,
972 3439 1033 3482 nec

43 3579 56 3586 -
136 3525 241 3590 ullum
255 3522 371 3588 habuit
385 3520 499 3584 lumen
514 3521 694 3587 litterarum
709 3522 924 3587 Latinarum:
946 3544 1034 3605 quae
