2475 4092
401 365 501 408 ursus
524 365 545 408 1.
590 365 661 408 oss.
684 364 729 407 11.
752 364 785 407 x.
1000 341 1041 406 11

141 539 206 604 per.
255 518 348 596 Quid
367 520 411 582 sit
435 539 530 604 porro
552 518 625 603 ipse
649 518 792 596 animus,
814 521 874 581 aui
899 517 966 596 ubi,
982 522 1042 581 aut

141 623 240 704 unde,
256 645 380 709 magna
394 623 557 688 dissensio
572 630 632 687 esi„
678 623 761 688 Aliis
777 645 832 687 eor
845 623 956 708 ipsum
972 623 1041 686 sni·

140 749 217 792 mus
232 729 381 793 videtur:
404 751 445 792 ex
467 750 534 812 quo
557 729 719 809 excordes,
740 729 899 808 vecordes,
916 748 1042 794 concor-

141 833 263 917 desque
278 835 442 914 diountur,
457 841 492 899 et
511 835 637 900 Nasica
651 835 706 898 ille
728 835 882 920 pmdens,
896 834 948 897 bis
966 854 1042 898 oon·

141 939 202 1018 sul,
227 937 401 1018 Corculum,
418 945 452 1004 et

246 1051 365 1121 Egregie
382 1052 545 1105 cordatus
563 1051 647 1118 homo,
666 1053 745 1107 caen
756 1050 842 1104 Aeliu'
856 1051 955 1104 &aas

142 1145 193 1210 19.
218 1146 438 1232 Empedocles
454 1149 606 1212 animum
621 1169 694 1211 esse
708 1153 822 1211 censet
835 1146 925 1210 cordi
941 1144 1042 1210 suffu-

141 1272 217 1316 sum
241 1253 450 1338 sanguinem.
508 1253 593 1318 Aliis
623 1275 698 1338 pars
725 1251 892 1336 quaedam
921 1252 1043 1316 cerebri

140 1356 213 1420 visa
237 1362 289 1419 est
315 1357 418 1420 animi
446 1358 669 1443 principatum
694 1362 814 1420 benere.
871 1355 956 1419 Aliis
981 1375 1043 1418 nso

140 1482 195 1524 oor
210 1461 322 1546 ipsum
346 1462 465 1546 placet,
481 1483 542 1526 nec
567 1463 689 1525 cerebri
708 1461 879 1545 quandam
905 1466 1043 1546 partem,

140 1586 213 1629 esse
230 1567 403 1630 animum:
427 1567 565 1630 sedani
589 1568 625 1630 in
649 1567 755 1644 corde,
771 1566 828 1629 alii
852 1567 889 1630 in
912 1567 1041 1629 cerebro

140 1669 295 1734 dixerunt
310 1672 415 1734 animi
431 1692 503 1734 esse
527 1671 640 1734 sedem
657 1678 691 1734 et
711 1670 833 1734 locum
879 1670 1042 1735 Animum

141 1781 256 1836 autem
279 1773 336 1836 aiii
352 1775 510 1854 animam,
525 1773 645 1838 uisere
660 1775 771 1838 nostri.
815 1773 970 1838 Declarat
983 1794 1042 1837 no·

141 1896 237 1940 meu:
261 1898 340 1940 nam
355 1883 389 1940 et
404 1899 501 1960 agere
517 1880 658 1942 unimam
672 1883 707 1940 et
720 1879 828 1961 efflare
839 1877 992 1955 dicimus,
1007 1882 1043 1942 et

142 1982 311 2060 animosos,
328 1987 361 2045 et
375 1983 450 2046 bene
466 1985 633 2062 animatos,
649 1989 683 2045 et
697 2002 738 2046 ee
753 1983 853 2046 animi
866 1984 1021 2048 recreem
1028 2001 1042 2060 ,⁰

140 2087 213 2170 ipse
229 2093 343 2150 autem
361 2088 494 2151 animus
510 2090 551 2151 ab
568 2088 682 2152 anima
703 2087 812 2150 dictus
832 2092 892 2150 ests
938 2087 1041 2150 Zeno·

140 2191 177 2254 ni
195 2190 310 2255 Stoico
327 2193 460 2256 animus
476 2194 563 2278 ignis
579 2194 717 2257 videtur.

185 2294 225 2358 X.
252 2294 320 2358 Sed
336 2296 417 2360 baec
437 2297 583 2379 quidem,
595 2318 682 2379 quae
698 2297 775 2377 dixi,
787 2318 852 2376 cor,
862 2298 1040 2375 cerebrum,

140 2400 299 2478 animam,
314 2400 437 2485 ignem,
452 2400 571 2484 vulgo;
593 2402 719 2484 reliqua
733 2399 798 2464 fere
816 2401 947 2486 singuli.
995 2399 1042 2465 Ut

139 2504 238 2567 mulii
265 2509 342 2567 anie
358 2511 492 2584 veteres,
507 2506 655 2590 proxime
678 2511 791 2570 autem
814 2506 1041 2584 Aristoxenus,

139 2609 289 2672 musicus
305 2609 460 2691 idemque
476 2610 700 2695 philosophus,
715 2611 821 2695 ipsius
836 2610 978 2694 eorporis
992 2610 1041 2672 in·

140 2713 325 2776 tentionem
350 2714 538 2796 quandam,
563 2714 653 2777 velut
676 2715 711 2776 in
738 2720 839 2777 cantu
863 2719 897 2776 et
919 2711 1041 2776 fidibus

142 2837 228 2898 quae
253 2818 425 2880 harmonia
440 2817 567 2896 dicitur,
583 2819 631 2880 sic
646 2839 686 2880 ex
709 2818 851 2902 corporis
866 2818 968 2880 totius
984 2838 1041 2881 na·

141 2925 216 2982 tura
242 2927 276 2982 et
299 2919 404 3005 figura
429 2923 537 2985 varios
564 2927 677 2984 motus
698 2923 784 3000 cieri,
806 2928 981 3004 tamquam
1004 2922 1040 2986 in

120 3029 245 3100 xcantu
266 3045 373 3088 sonos.
420 3025 486 3089 Hic
502 3028 544 3089 ab
561 3025 699 3090 artificio
724 3047 785 3090 suo
807 3047 874 3089 non
897 3027 1040 3104 recessit,

142 3133 304 3191 ettamen
327 3129 410 3193 dixit
424 3130 558 3213 aliquid,
574 3131 666 3212 quod
690 3132 801 3216 ipsum
822 3131 921 3213 quale
944 3137 1039 3209 esset,

142 3238 212 3295 erat
235 3231 340 3295 multo
357 3239 433 3296 ante
449 3241 482 3298 et
503 3236 681 3299 dictumst
699 3234 912 3319 explanatum
928 3257 950 3298 a
966 3233 1039 3297 Pla·

140 3342 229 3400 tone.
276 3335 475 3402 Xenocrates
491 3340 594 3402 animi
608 3337 749 3423 figuram
761 3345 795 3402 et
809 3340 906 3421 quasi
920 3359 1038 3422 corpus

141 3441 277 3526 negavit
300 3462 380 3519 esse,
403 3463 517 3506 verum
539 3463 715 3505 numerum
738 3443 822 3505 dixit
843 3463 923 3521 esse,
942 3441 1038 3525 cujus

141 3546 202 3624 vis,
217 3551 256 3608 ui
267 3545 339 3629 jam
355 3551 433 3608 ante
451 3545 661 3631 Pythagorae
675 3546 784 3610 visum
799 3551 877 3624 erat,
893 3546 927 3608 in
944 3551 1037 3608 natu·
