2475 4092
216 313 260 380 80
489 333 643 378 sorrmuu
666 335 838 378 scrrrorus.

215 508 256 552 ex
285 493 424 572 unaque
458 493 550 573 parte
580 488 747 566 subnixos,
777 487 960 573 obriguisse
998 487 1133 572 pruina

214 592 325 672 vides;
346 591 495 658 medium
521 599 636 657 autem
660 592 755 656 illum
773 598 807 656 et
831 593 1018 656 maximum
1040 591 1130 655 solis

217 697 331 762 ardore
356 697 477 761 torreri.
528 696 606 762 Duo
627 703 706 761 sunt
726 695 942 776 habitabiles3
971 717 1129 780 quorum

216 799 371 865 casualis
384 798 448 878 ille,
464 801 514 886 (in
529 821 596 884 quo
611 801 670 883 qui
685 800 852 878 insistunt,
867 799 1006 864 adversa
1022 801 1129 864 vobis

216 911 337 991 urgent
360 905 524 990 vestigia)
550 904 632 968 nihil
655 905 699 968 ad
722 911 868 968 vestrum
888 925 1004 989 genus.
1052 903 1128 968 Hic

216 1015 331 1074 eutem
354 1009 436 1073 alter
464 1009 632 1093 subjectus
658 1008 816 1092 aquiloni,
835 1029 935 1092 quem
961 1007 1127 1088 incolitis,

217 1134 432 1196 estnequam
448 1114 543 1177 tenui
564 1134 625 1176 vos
650 1119 743 1198 parte
764 1113 944 1198 contingat
992 1113 1126 1176 Omnis

217 1219 307 1284 enim
329 1224 423 1296 terra,
438 1238 524 1301 quae
546 1217 664 1282 colitur
679 1238 699 1281 a
714 1218 817 1296 vobis,
832 1222 975 1302 anguste
989 1217 1125 1280 vertici·

217 1324 291 1401 bus,
304 1321 462 1386 lateribus
485 1321 590 1400 latior,
608 1341 709 1406 parva
732 1321 896 1405 quaedam
922 1320 1036 1385 insula
1058 1327 1125 1399 est,

217 1425 417 1492 circumfusa
444 1426 502 1490 illo
531 1427 624 1503 mari,
655 1426 747 1510 quod
779 1426 993 1504 Atlanticum,
1025 1425 1126 1508 quod

218 1553 390 1618 magnum,
414 1551 515 1615 quem
543 1531 719 1596 Oceanum
743 1530 917 1616 appellatis
939 1529 975 1594 in
1006 1530 1125 1593 terris:

218 1637 277 1722 qui
292 1641 523 1716 tomentacia
539 1637 684 1716 nomine,
696 1656 799 1719 quam
815 1636 859 1698 sit
872 1655 1002 1720 parvus,
1014 1634 1125 1698 vides.

220 1740 272 1806 Ex
288 1741 340 1804 his
354 1741 435 1826 ipsis
449 1739 547 1804 cultis
562 1739 716 1823 notisque
727 1740 828 1818 terris,
840 1759 921 1802 num
933 1743 993 1802 aut
1010 1744 1123 1817 tuum,

219 1850 281 1910 aut
299 1845 506 1930 cujusquam·
522 1850 673 1908 nostrum
699 1863 831 1921 nomen,
848 1841 900 1906 vel
923 1842 1122 1906 Caucasum

219 1951 318 2030 hunc,
340 1971 442 2034 quem
466 1949 580 2029 cernis,
598 1949 843 2014 transscendere
868 1948 985 2033 potuit,
1003 1947 1059 2012 vel
1084 1947 1121 2011 il-
1210 1977 1211 2003 r

219 2054 290 2119 lum
323 2053 479 2138 Gangem
508 2051 740 2118 transnatare?
802 2051 889 2132 Quis
917 2052 952 2116 in
981 2051 1121 2135 reliquis

220 2157 355 2221 orientis
370 2163 431 2220 eut
444 2155 600 2220 obeuntis
624 2155 702 2218 solis
720 2155 847 2219 ultimis
868 2160 928 2220 aut
950 2155 1121 2238 aquilonis

219 2261 363 2325 ausuive
389 2260 537 2344 partibus
559 2266 658 2323 tuum
683 2279 803 2322 nomen
829 2258 964 2324 audiet?
994 2260 1120 2342 quibus

219 2364 413 2448 amputatis,
429 2363 533 2428 cernis
555 2361 710 2448 prolecto,
732 2365 868 2446 quantis
894 2364 929 2426 in
953 2365 1119 2448 angustiis

219 2474 329 2532 vestra
352 2489 387 2531 se
407 2466 511 2553 gloria
532 2467 662 2531 dilatari
682 2467 769 2530 velit
815 2467 883 2552 lpsi
909 2471 1033 2546 autem,
1059 2467 1118 2549 qui

219 2571 263 2639 de
277 2572 369 2636 vobis
384 2571 573 2654 loquuntur,
588 2591 691 2654 quam
707 2571 765 2635 diu
779 2570 980 2652 loquentur?

266 2676 345 2741 Vll
366 2684 384 2717 “
397 2676 491 2754 Quin
507 2677 618 2754 edam,
630 2676 658 2739 si
673 2677 787 2761 cupiat
800 2675 907 2761 pmles
921 2676 978 2743 illa
993 2676 1116 2742 futuro·

219 2803 293 2848 rum
317 2783 491 2846 hominum
514 2779 670 2865 deinceps
691 2781 807 2846 laudes
829 2782 929 2846 unius
955 2783 1115 2867 cujusque

221 2892 370 2950 nostrum
401 2907 422 2949 a
448 2885 596 2970 patribus
623 2891 775 2970 acceptas
804 2885 943 2970 posteris
972 2887 1114 2970 prodere,

221 2995 336 3054 tamen
351 2995 481 3074 propter
496 2989 665 3052 eluviones
681 2990 933 3071 exustionesque
948 2996 1114 3070 terrarum,

221 3113 307 3176 quas
336 3092 482 3156 accidere
511 3100 658 3178 tempore
688 3099 775 3156 certo
804 3115 938 3158 necesse
964 3100 1113 3173 estnon

221 3196 324 3263 modo
350 3203 528 3276 semmam,
543 3196 601 3261 sed
617 3217 659 3260 ne
681 3197 872 3262 diuturnam
895 3197 1029 3282 quidem
1048 3198 1112 3284 glo·

221 3303 305 3367 riam
332 3301 465 3383 assequi
487 3322 675 3386 possumus.
723 3302 816 3380 Quid
839 3309 954 3366 autem
973 3303 1111 3383 interest7

222 3409 267 3472 ab
287 3407 338 3484 iis,
352 3406 411 3487 qui
436 3411 552 3488 postea
578 3412 762 3484 nascentur,
778 3426 963 3470 sermonem
986 3404 1051 3470 sore
1072 3407 1111 3470 de

222 3518 266 3590 te,
279 3531 386 3594 quum
401 3510 499 3573 abiis
515 3510 625 3574 nullus
640 3509 745 3590 fuerit,
761 3512 819 3593 qui
834 3517 911 3576 ante
926 3511 998 3575 nati
1012 3512 1110 3576 suutl
