2475 4092
242 301 285 368 70
519 321 673 368 sonuum
694 323 868 366 scrrrours.

240 487 371 537 amantes
402 476 562 549 Platonem,
588 476 687 536 dicunt
712 496 780 536 eum
806 474 912 554 aliquid
940 475 1041 535 simile
1075 475 1160 534 nobis
1211 491 1212 554 ἐ

240 574 328 634 etiam
354 573 390 633 de
417 585 593 634 mortuorum
626 575 833 634 resurrectione
865 572 1002 632 sensisse.
1066 572 1157 642 Quod

239 672 356 750 quidem
376 672 419 732 sic
441 672 532 750 tangit
555 671 585 731 in
608 671 688 732 libris
709 672 745 730 de
767 671 811 730 Re
833 672 948 750 publiea
971 671 1109 743 Tullius,
1127 683 1157 729 ut

239 790 307 829 eum
320 769 421 829 lusisse
442 770 544 848 potius,
557 789 645 846 quam
659 770 687 828 id
707 769 782 848 quod
797 789 897 828 verum
917 779 1008 840 esset,
1021 769 1156 827 affirmet
1211 847 1212 854 ἵ

239 867 335 926 dicere
358 866 490 926 voluisse.
538 865 650 926 lnducit
673 867 752 926 enim
775 867 921 925 homiuem
941 866 1102 938 revixisse,
1125 878 1154 924 et

238 983 369 1024 narrasse
382 963 536 1041 quaedam,
549 983 623 1040 quae
644 964 796 1024 Platonicis
816 963 1060 1041 disputationibus
1082 984 1151 1024 oon·

238 1060 628 1142 mebant—Augustiana
646 1061 678 1121 C.
695 1061 734 1122 D.
749 1061 838 1120 xxlt.
849 1063 900 1120 28.

276 1257 310 1317 In
322 1258 378 1316 hoc
388 1257 435 1315 rel
446 1257 571 1315 maxime
582 1256 676 1334 operis
687 1257 899 1316 similitudinem
913 1256 1042 1316 servavit
1053 1256 1148 1316 imita·
1211 1303 1212 1312 ,

236 1355 286 1427 tio,
295 1354 382 1432 quod,
392 1375 481 1432 quum
495 1353 575 1412 Plato
588 1354 617 1412 in
628 1354 780 1413 voluminis
791 1357 840 1430 (dc
853 1353 939 1432 Rep.)
951 1355 1147 1413 conclusione

235 1451 391 1529 aquodam
403 1451 478 1510 vitae
499 1449 618 1522 reddito,
633 1471 720 1528 quam
735 1451 882 1529 reliquisse
895 1451 1061 1522 videbatur,
1076 1452 1146 1510 indi·

235 1549 296 1609 ouri
309 1548 397 1608 faciat
409 1548 458 1625 qui
470 1547 506 1606 sit
519 1558 668 1607 exutarum
682 1550 849 1628 corporibus
861 1560 950 1608 status
964 1550 1146 1620 animarum,

234 1646 346 1724 adjecta
371 1645 496 1723 quadam
522 1646 710 1724 sphaerarum
736 1647 783 1706 vel
809 1647 934 1706 siderum
962 1667 1022 1705 non
1051 1647 1145 1706 otiosa

234 1743 433 1822 descriptione,
453 1763 549 1802 rerum
571 1743 661 1803 iacies
684 1763 742 1804 non
761 1744 908 1804 dissimilia
931 1743 1106 1822 significans
1126 1765 1144 1802 a

234 1841 368 1901 Tulliano
382 1841 517 1919 Scipione
539 1861 590 1918 per
602 1842 728 1918 quietem
741 1843 794 1902 sibi
813 1843 924 1921 ingesta
944 1853 1091 1900 narratur.
1102 1875 1143 1888 --

235 1938 405 1999 Macrobius
418 1941 451 1997 ia
466 1936 560 1998 Soram
577 1937 654 2015 Seip.
668 1938 689 1998 l.
709 1941 733 2000 l.

274 2133 362 2192 Hunc
375 2132 506 2191 ordinem
519 2133 632 2193 Tullius
645 2153 703 2193 non
724 2133 834 2194 minore
851 2133 959 2210 judicio
982 2153 1138 2194 reservans

233 2253 320 2310 quam
332 2230 448 2308 ingenio
460 2242 587 2308 repertus
597 2243 649 2290 est.
691 2233 843 2308 Postquam
855 2232 884 2292 in
897 2233 976 2292 omni
989 2233 1033 2291 rei
1044 2234 1136 2311 publi·

232 2350 285 2390 cae
295 2330 352 2388 otio
362 2349 398 2387 ac
411 2329 525 2406 negotio
539 2331 664 2406 palmam
674 2329 797 2407 justitiae
808 2331 977 2409 disputando
989 2331 1082 2404 dedit,
1091 2353 1135 2390 sa·

231 2445 297 2486 cras
310 2425 510 2482 immortalium
524 2425 685 2482 animarum
699 2425 792 2498 sedes,
803 2436 832 2484 et
844 2426 1012 2486 caelestium
1026 2447 1135 2487 arcana

231 2521 381 2600 regionum
405 2519 519 2596 inipso
542 2521 733 2580 consummati
753 2523 847 2599 operis
871 2522 985 2600 fastigio
1009 2523 1132 2597 locavit3

231 2620 359 2678 indicans
373 2637 430 2693 quo
450 2617 494 2674 his
508 2617 732 2694 perveniendum
747 2619 793 2678 vel
815 2619 907 2696 potius
928 2621 1131 2679 revertendum

230 2718 276 2788 sit,
289 2716 338 2793 qui
351 2735 413 2774 rem
435 2714 578 2792 publicam
601 2735 670 2775 cum
691 2715 850 2794 prudentie,
860 2717 978 2794 justitia,
992 2717 1129 2778 fortitudi-

230 2834 279 2885 ne,
302 2834 338 2872 ac
364 2813 557 2871 moderatione
581 2814 771 2873 tractaverint
813 2814 872 2874 Sed
895 2815 944 2874 ille
966 2815 1129 2876 Platonicus

221 2920 406 2969 secretorum
439 2910 543 2968 relator
569 2909 614 2968 Er
639 2911 754 2986 quidam
781 2912 897 2972 nomine
924 2911 988 2984 tuit,
1014 2913 1127 2972 natione

230 3007 416 3084 Pamphylus‚
443 3007 525 3064 miles
551 3006 664 3078 offici03
695 3008 754 3084 qui,
780 3029 879 3086 quum,
906 3010 1073 3068 vulneribus
1099 3011 1127 3069 in

229 3104 337 3184 proelio
359 3104 485 3181 acceptis
507 3103 595 3162 vitam
622 3105 755 3164 effudisse
776 3107 864 3176 visus,
884 3106 1055 3168 duodecimo
1082 3109 1126 3168 die

229 3203 346 3261 demum
360 3201 432 3258 inter
445 3210 556 3259 ceteros
570 3221 628 3259 una
648 3213 810 3280 peremptos
834 3205 933 3263 ultimo
949 3216 1026 3264 esset
1039 3206 1124 3265 hono·

228 3299 333 3360 randus
346 3297 423 3374 igne,
437 3298 529 3356 subito
541 3319 593 3357 seu
604 3309 720 3376 recepta
733 3301 840 3372 anima,
850 3322 902 3360 seu
916 3312 1037 3374 retenta,
1047 3304 1124 3379 quid·

227 3397 295 3476 quid
309 3394 433 3455 emensis
447 3395 520 3453 inter
539 3407 687 3473 utramque
701 3396 788 3455 vitam
802 3399 902 3457 diebus
925 3411 1026 3478 egerat
1048 3402 1123 3460 vide-

228 3507 316 3565 ratve,
336 3502 482 3566 tamquam
500 3494 645 3569 publicum
666 3494 811 3572 professus
833 3496 979 3568 indicium,
998 3498 1122 3559 humano
