2475 4092
229 337 272 404 38
395 359 656 405 ruscvnsnsnun
677 361 952 406 nrsrnrsrronnrr

228 513 277 578 ita
292 513 344 592 sit,
359 519 444 578 certe
459 535 521 578 nec
543 515 675 595 secerni,
691 537 753 580 nec
774 514 964 594 dividisse
977 513 1143 602 discerpi,

229 635 290 681 nec
319 615 457 681 distrahi
486 624 618 702 potest3
649 640 712 683 nec
739 620 870 683 interire
898 619 1007 705 igitur.
1068 619 1143 684 Est

229 721 318 784 enirn
333 721 484 786 interitus
506 724 603 806 quasi
627 723 846 788 discessisset
867 725 1003 788 secretio
1019 745 1063 787 ac
1086 725 1140 788 di·

228 832 376 911 remptus
406 848 519 892 earum
551 829 704 913 partium,
733 850 820 912 qnae
850 833 928 892 ante
955 829 1139 894 interitum

226 931 396 1016 junctione
413 931 524 1014 aliqua
539 935 744 997 tenebantur.

275 1035 338 1099 His
363 1041 397 1099 et
421 1035 545 1100 talibus
570 1038 754 1102 rationibus
778 1038 943 1102 adductus
972 1037 1137 1103 Socrates

229 1161 291 1204 nec
306 1147 481 1224 patronum
497 1143 664 1224 qnaesivit
677 1143 720 1206 ad
741 1143 906 1226 judicium
921 1142 1051 1227 capitis,
1069 1163 1137 1206 nec

226 1245 394 1328 judicibus
417 1245 554 1330 supplex
579 1245 651 1325 luit,
665 1247 881 1330 adhibuitque
897 1246 1035 1310 liberam
1050 1268 1135 1311 con-

228 1354 421 1431 tumaciam,
436 1375 457 1416 a
479 1355 710 1438 magnitudine
734 1355 839 1418 animi
859 1353 1006 1432 dncwm,
1022 1375 1097 1417 non
1111 1375 1136 1417 a

229 1458 399 1542 superbia;
422 1465 455 1521 et
476 1479 629 1543 supremo
644 1461 732 1522 vitae
746 1459 801 1522 die
816 1459 858 1522 de
873 1459 936 1522 boc
952 1459 1028 1543 ipso
1042 1458 1134 1522 mul·

228 1569 265 1626 ta
280 1562 450 1642 disseruit;
473 1569 506 1626 et
529 1564 645 1648 paucis
669 1570 747 1627 ante
767 1562 894 1643 diebus,
908 1585 1014 1646 quum
1030 1563 1134 1627 facile

229 1672 342 1751 posset
363 1666 494 1730 educis
514 1668 676 1747 custodia,
692 1667 817 1748 noluit;
840 1674 874 1731 et
895 1689 1000 1750 quum
1018 1688 1132 1752 paene

227 1772 263 1836 in
279 1793 383 1835 manu
402 1772 473 1855 jam
490 1770 695 1836 mortiferum
710 1757 795 1835 illud
805 1777 932 1835 teneret
955 1771 1131 1856 poculum,

124 1941 134 1970 ἱ
228 1873 359 1940 locutus
383 1877 431 1939 ita
454 1881 513 1956 est,
528 1882 567 1940 ut
587 1897 655 1939 non
671 1875 714 1939 ad
737 1881 878 1939 mortem
897 1875 995 1954 trudi,
1009 1895 1130 1939 verum

227 1978 262 2042 in
277 1979 406 2044 caelum
422 1980 584 2044 videretur
600 1980 784 2045 ascendere.

273 2083 380 2146 XXX.
414 2084 465 2148 Ita
496 2087 584 2147 enirn
614 2087 779 2163 censebat,
808 2084 922 2167 itaque
951 2082 1128 2149 disseruit:

228 2185 312 2249 duas
337 2209 408 2250 esse
432 2189 502 2250 vias
526 2188 738 2273 duplicesque
761 2211 875 2252 cursus
893 2189 1083 2252 animorum
1107 2210 1128 2252 e

229 2311 362 2376 corpore
385 2293 624 2357 excedentium.
676 2295 727 2357 72.
751 2295 841 2358 Nam
864 2293 922 2376 qui
946 2313 982 2356 se
1008 2294 1128 2358 buma-

229 2396 281 2460 nis
307 2397 394 2460 vitiis
414 2400 740 2478 contaminavissent,
756 2405 789 2462 et
812 2419 848 2462 se
869 2403 959 2461 totos
981 2397 1126 2462 libidini·

228 2503 291 2565 bus
326 2501 502 2582 dedissent,
531 2506 653 2587 quibus
690 2503 816 2569 caecati
845 2503 896 2567 vel
931 2503 1125 2567 domesticis

227 2608 316 2671 vitiis
332 2614 432 2691 atque
451 2607 586 2694 flagitiis
602 2631 637 2672 se
652 2609 924 2691 inquinavissent,
940 2608 992 2672 vel
1006 2629 1041 2671 re
1063 2630 1123 2694 pu·

227 2713 312 2776 blica
330 2712 485 2776 violanda
500 2712 631 2777 fraudes
651 2712 867 2798 inexpiabiles
885 2714 1124 2798 concepissent,

226 2815 267 2879 iis
283 2817 417 2880 devium
432 2818 602 2901 quoddam
626 2818 686 2881 iter
700 2839 781 2895 esse,
797 2818 963 2880 seclusum
979 2839 999 2880 a
1015 2820 1124 2882 conci-

227 2919 272 2984 lio
298 2920 452 3002 deorum3
481 2923 539 3006 qui
570 2928 682 2986 autern
699 2943 749 3006 ‚se
778 2922 923 3006 integros
946 2928 1123 3005 castosque

228 3025 452 3104 servavissent,
468 3028 653 3108 quibusque
669 3025 785 3089 suisset
807 3027 947 3088 minima
961 3047 1040 3090 cum
1055 3049 1123 3091 cor·

227 3128 361 3213 poribus
376 3132 539 3215 contagio,
555 3153 692 3214 seseque
708 3133 750 3193 ab
765 3131 806 3193 iis
829 3151 956 3215 semper
975 3151 1123 3196 sevocas-

227 3239 310 3312 sent,
341 3242 514 3316 essentque
543 3237 578 3299 in
608 3237 798 3321 corporibus
834 3237 989 3300 humanis
1018 3239 1122 3302 vitam

226 3337 348 3399 imitati
374 3337 632 3414 deorum—his
656 3340 700 3402 ad
723 3340 805 3417 illua,
828 3361 849 3401 a
871 3341 992 3422 quibus
1011 3346 1123 3404 essent

228 3438 373 3524 proiecti,
404 3440 545 3503 reditum
582 3441 713 3506 facilem
743 3449 862 3527 patere.
921 3444 973 3507 73.
1006 3444 1122 3527 Itaque

229 3549 477 3622 commemorat,
493 3550 531 3606 ut
545 3548 654 3629 cygni,
664 3548 723 3629 qui
737 3569 804 3611 non
820 3549 890 3611 sine
905 3571 1008 3613 causa
1022 3549 1122 3635 Apol·
