2475 4092
394 332 496 375 ursan
517 332 539 375 1.
584 332 656 375 car.
678 331 798 376 xnvur.
1005 309 1047 376 63

149 478 266 544 Simile
288 478 450 562 quiddam
472 483 524 541 est
547 478 583 541 in
601 478 840 542 Consolatione
859 459 1047 544 Crantoris:

146 583 196 646 ait
217 583 316 661 enim,
334 582 535 646 Terinaeum
558 581 728 665 quendam
756 581 922 667 Elysium,
941 601 1047 664 quum

146 688 287 772 graviter
315 685 376 750 filii
405 693 546 750 mortem
569 691 739 765 maereret,
758 687 888 750 venisse
913 687 949 748 in
974 707 1048 772 pay·

146 791 386 870 chomantium,
416 796 642 873 quaerentem,
668 811 755 874 quae
786 789 903 854 suisset
932 796 1048 854 tantae

146 895 347 959 calamitatis
373 915 493 975 oausa;
527 896 604 959 huic
630 897 666 959 in
692 893 823 958 tabellis
849 900 913 958 tres
937 895 1048 979 hujus·

146 1001 240 1065 modi
253 1001 431 1064 versiculos
446 1000 564 1064 datos:

287 1122 396 1193 Ignaris
407 1123 521 1177 homines
532 1124 561 1175 in
573 1123 628 1176 nito
639 1121 762 1176 nuditus
773 1129 879 1175 mant:

286 1211 441 1281 Esttanoar
450 1213 561 1282 potitur,
564 1210 688 1280 sotorum
699 1212 812 1276 numine,
825 1211 880 1264 lato.

288 1297 394 1369 &osuit
405 1299 581 1367 utiliusfiniri
593 1301 698 1368 ipsiquo,
711 1299 811 1368 titique.

191 1419 265 1485 116.
289 1420 353 1484 His
364 1427 399 1484 et
412 1420 535 1484 talibus
557 1420 747 1484 auctoribus
762 1419 826 1502 uqi,
842 1419 1049 1502 confirmant,

147 1547 286 1592 causam
315 1527 412 1589 rebus
443 1546 465 1589 a
488 1525 553 1590 diis
581 1524 827 1590 immortalibus
853 1525 1049 1610 judicatam.

149 1629 345 1694 Alcidamas
374 1630 521 1712 quidem,
548 1630 657 1693 rhetor
683 1629 841 1712 antiquus
870 1630 906 1693 in
936 1631 1049 1715 primis

147 1735 278 1814 nobilis,
294 1735 423 1820 scripsit
439 1735 543 1798 etiam
567 1733 797 1798 laudationem
823 1736 948 1814 mortis,
962 1756 1049 1818 quae

148 1844 281 1904 constat
295 1861 336 1902 ex
356 1840 606 1902 enumeratione
624 1839 852 1903 humanorum
875 1839 1049 1904 malorum.

152 1943 217 2007 Cui
231 1943 376 2006 rationes
398 1964 467 2023 eae,
483 1963 571 2026 quae
592 1942 791 2024 exquisitius
806 1964 827 2008 a
845 1945 1049 2029 philosophis

148 2046 358 2133 colliguntur,
374 2046 558 2127 defuerunt,
573 2049 706 2111 ubertas
729 2048 888 2112 orationis
911 2070 979 2113 non
995 2049 1049 2113 de·

148 2150 223 2216 fuit.

197 2256 313 2320 Clarae
333 2277 408 2320 vero
431 2262 562 2335 mortes,
578 2279 636 2342 pro
659 2258 767 2342 patria
788 2259 966 2342 oppetitae,
982 2280 1049 2322 non

150 2361 259 2425 solum
290 2361 451 2446 gloriosae
487 2363 680 2442 rhetoribus,
710 2362 769 2427 sed
799 2362 902 2426 etiam
931 2367 1050 2430 beatae

149 2466 254 2529 videri
282 2465 398 2529 solent
458 2465 629 2550 Repetunt
659 2470 701 2531 ab
733 2467 928 2547 Erechtheo,
955 2469 1049 2553 cujus

150 2570 254 2633 ctiam
283 2568 371 2633 filiae
408 2569 528 2653 cupide
563 2575 704 2634 mortem
735 2571 963 2656 expetiverunt
991 2594 1050 2657 pro

150 2674 221 2738 vita
235 2675 379 2753 civium3
405 2674 562 2754 Codrum,
577 2675 634 2757 qui
652 2696 687 2738 se
702 2676 737 2738 in
760 2674 888 2738 medios
910 2676 1051 2741 immisit

151 2779 272 2858 hostes,
287 2782 378 2840 veste
392 2775 556 2857 famulari,
572 2799 614 2841 ne
631 2783 743 2864 posset
758 2779 904 2863 agnosci,
920 2780 948 2842 si
963 2786 1051 2846 esset

151 2891 270 2948 ornatu
285 2883 385 2968 regio,
400 2883 490 2965 quod
514 2883 687 2948 oraculum
714 2889 784 2948 erat
802 2883 929 2964 datum,
946 2886 974 2948 si
995 2906 1050 2950 rex

150 2985 343 3051 interfectus
358 2993 454 3066 esset,
469 2987 617 3051 victrices
635 2988 785 3052 Athenas
800 2985 876 3051 sore.
916 2989 1050 3056 Menoe·

149 3113 229 3156 oeus
252 3113 320 3155 non
341 3092 618 3176 praetermittitur,
641 3093 698 3176 qui
716 3092 798 3156 item
814 3093 945 3158 oraculo
962 3096 1051 3162 edito

148 3195 289 3281 largitus
304 3202 356 3259 est
371 3197 495 3280 patriae
507 3218 607 3260 suum
624 3196 831 3281 sanguinem.
877 3197 1052 3285 Iphigenia

154 3300 277 3365 Aulide
299 3300 379 3364 duci
404 3321 440 3363 se
463 3300 706 3364 immolandam
729 3300 833 3385 jubet,
855 3309 891 3366 nt
916 3303 1052 3370 hostiam

151 3405 312 3494 [somn]
339 3407 485 3471 elicietur
509 3425 576 3471 saw.
623 3405 775 3470 Veniunt
803 3406 881 3470 inde
908 3408 950 3471 ad
980 3431 1050 3495 pro·

151 3531 254 3596 prora.
