2475 4092
226 356 291 425 202
489 378 609 423 cronno
633 379 679 422 οιι
701 378 769 422 ono
790 378 867 423 sen.

226 531 261 587 11.
271 532 318 588 xli.
331 536 393 587 127:
411 532 461 585 Est
473 532 540 585 enim
548 534 693 585 animorum
701 533 916 602 ingeniorumque
924 534 1046 585 naturale
1054 532 1132 601 quod·

225 620 284 673 dam
295 622 368 689 ptati
377 620 496 689 pabulam
505 619 672 671 consideratio
684 620 907 689 wntnnplatiopuc
916 629 1035 671 naturae.
1069 620 1131 671 Eri·

224 708 323 777 gimar,
335 708 449 761 elatiores
460 706 524 773 fieri
540 706 665 771 ridemur,
678 706 789 759 burana
806 706 966 777 despicimus,
984 708 1131 777 cogitantes

225 812 317 865 supera
333 804 407 864 atque
418 797 531 847 molestia
548 793 606 846 lace
623 803 713 847 nostra
723 803 753 847 ut
768 797 865 865 eaigaa
881 805 905 847 et
922 797 1031 848 minima
1048 805 1132 849 conte·

225 886 343 937 mninnts.
374 882 467 935 Seuec.
481 884 558 937 Cant.
569 881 605 934 ad
615 880 690 933 Helo.
701 898 736 935 ιιι.
746 902 752 935 :
772 884 898 936 Animam
909 884 1131 952 contenplatoram

225 970 450 1038 admiratorempue
461 970 558 1023 madi.
596 967 732 1023 Plutarch.
748 970 824 1023 stt.
840 969 899 1021 l⁷.v.
935 969 997 1022 The
1009 968 1131 1039 Pythag-

226 1074 318 1110 oceane
335 1056 453 1125 enjoined
467 1058 511 1109 the
523 1056 726 1126 contemplation
743 1056 775 1108 os
788 1056 833 1110 the
850 1057 965 1109 becrens
982 1066 1010 1109 et
1025 1058 1074 1111 the
1086 1058 1131 1109 be-

225 1145 336 1214 ginning
348 1144 379 1197 oi
395 1144 458 1197 each
471 1145 532 1213 day,
545 1162 574 1197 es
586 1162 619 1197 an
631 1145 782 1197 incitement
793 1154 821 1196 to
833 1144 877 1197 the
895 1145 1024 1197 imitation
1038 1145 1072 1197 of
1084 1145 1130 1197 the

225 1232 310 1296 order,
332 1240 482 1299 constency,
504 1231 554 1284 eud
578 1231 665 1300 purity
683 1232 715 1283 of
730 1232 775 1283 the
792 1231 910 1284 celestini
932 1231 1033 1283 bodies.
1075 1231 1128 1298 (M.

225 1318 353 1373 Antonin.
368 1315 426 1369 Lib.
441 1316 504 1385 XI.)
542 1316 720 1387 Anaxagorae
732 1321 776 1385 (cs
793 1317 930 1386 Diogenes
947 1316 1074 1371 Lairtius
1088 1336 1131 1371 re·

225 1405 303 1472 lates)
318 1405 397 1473 being
414 1404 493 1459 nsked
504 1404 556 1475 sor
577 1406 646 1458 what
668 1404 719 1458 end
733 1405 765 1457 ltc
786 1422 839 1457 wat
858 1406 931 1472 born,
952 1406 1065 1475 replied‚
1083 1406 1131 1462 Eis

225 1493 332 1565 θεωρίαν
348 1492 422 1562 ἡλίου
440 1494 480 1547 tal
492 1492 603 1563 σελήνης
614 1496 656 1548 eal
671 1495 787 1565 οὐρανοῦ.

259 1580 360 1635 Incolae
369 1590 572 1651 paenenostras:
591 1584 864 1652 Almortcoantrymen
872 1580 980 1650 rrj'ottrr.
1008 1581 1131 1652 Pythag-

225 1686 293 1734 oras,
307 1668 373 1723 aller
392 1668 529 1737 travelling
544 1670 570 1722 in
584 1668 677 1739 Egypt
694 1670 744 1723 and
762 1670 807 1721 the
825 1668 902 1733 Eunt,
914 1670 1010 1722 settled
1021 1679 1051 1722 at
1063 1670 1131 1724 Cro·

225 1767 296 1821 tone,
309 1772 325 1808 a
336 1755 388 1823 city
402 1756 428 1807 in
441 1755 498 1807 that
509 1764 567 1823 part
578 1754 609 1806 of
616 1752 684 1823 Italy
696 1754 779 1808 called
792 1755 892 1823 Magna
903 1754 1014 1808 Grecis.
1053 1755 1130 1811 Here

224 1842 259 1896 hs
270 1842 364 1913 gained
383 1858 460 1910 many
474 1842 662 1911 distinguished
681 1842 829 1907 adherente,
842 1843 892 1895 and
911 1844 1070 1897 established
1082 1845 1130 1898 the

225 1929 370 1983 celebrated
393 1927 578 1997 Pythagorsan
602 1928 664 1982 club
680 1946 711 1981 or
727 1927 900 1982 brotherhood
919 1930 951 1982 of
969 1929 1016 1983 the
1035 1928 1128 1985 Three

225 2014 364 2071 Hundred.

265 2102 316 2169 Qui
327 2111 402 2156 creet.
412 2136 433 2154 ..
441 2102 591 2172 jaconus.
620 2100 680 2155 The
689 2102 775 2155 words
786 2102 818 2155 ol'
825 2104 870 2155 the
881 2104 968 2158 oraclo
980 2122 1025 2158 are
1034 2105 1126 2159 these:

400 2192 487 2263 Σοῲὸι
497 2192 642 2263 Σοφοκλῆς,
654 2192 807 2262 σοφώτεροι
818 2193 965 2264 Εὐριπίδης,

437 2281 546 2334 Πάντων
558 2280 586 2334 δὲ
598 2280 753 2350 σοφώτατοι
764 2281 906 2351 Σωκράτης.

264 2366 313 2419 Tot
324 2374 391 2419 artes
408 2375 493 2420 tantae
504 2368 627 2422 edentiae.
665 2372 684 2398 ‘⁶
701 2368 798 2420 Tantae
808 2370 925 2420 scientiae
942 2376 984 2421 est
995 2368 1127 2437 genitivus

225 2452 381 2523 singularisj
406 2470 500 2507 sensus
514 2463 555 2507 est
578 2462 614 2507 tot
633 2463 701 2507 artes
718 2471 781 2523 qnae
796 2471 923 2523 magnam
940 2456 1085 2508 dodrinam
1102 2464 1127 2507 et

224 2542 354 2595 edentiam
365 2540 526 2611 postulant.'’
563 2539 673 2595 Schiita.

260 2628 330 2683 Haec
341 2630 459 2684 Platonis
468 2627 546 2698 sera:
569 2628 648 2681 These
668 2646 712 2682 are
731 2630 773 2682 tlte
786 2630 916 2700 prineipal
933 2640 1086 2699 arguaantr
1097 2630 1132 2700 ‘ff

224 2718 312 2772 Plato.
350 2723 369 2749 “
384 2715 516 2786 Haecsere
527 2716 638 2769 formula
648 2725 700 2780 est,
712 2734 764 2784 qua
775 2718 856 2770 utitur
866 2718 900 2783 is,
912 2718 958 2785 qui
975 2718 1087 2785 plurima
1098 2728 1127 2771 et

225 2806 326 2875 potiora
343 2806 440 2860 dixisse
452 2805 493 2858 vel
512 2805 666 2873 exposuisse
677 2822 705 2857 se
718 2804 864 2857 declaret.”
900 2804 1006 2857 Hend's
1022 2805 1123 2859 Ihrsel.

225 2892 370 2963 11.p.7oo.
409 2893 489 2946 Some
501 2892 597 2945 editors
613 2892 676 2945 read
693 2892 763 2944 Haec
774 2892 853 2946 Plato
864 2902 966 2955 nottcr‚·
983 2894 1060 2945 “sed
1080 2893 1125 2959 qui

225 2978 264 3032 sic
284 2981 481 3049 rescripserunt,
505 2978 610 3032 minime
634 2979 818 3043 meminerunt,
842 2978 971 3033 Catonem
994 2980 1048 3045 hic,
1072 2997 1125 3033 non

225 3065 388 3131 Ciceronem,
399 3066 502 3135 loqui.”
540 3064 628 3118 Orelli.

259 3152 352 3207 XXII.
377 3154 456 3223 Apud
475 3153 676 3223 Xenophontem,
727 3154 818 3223 ΟΜ.
842 3153 917 3207 VIII.
940 3154 986 3207 vii.
1034 3156 1123 3225 Apud,

224 3243 262 3295 in.
299 3240 430 3293 “Dicitur
448 3241 481 3294 de
502 3240 578 3293 domo
602 3249 629 3292 et
648 3240 778 3293 domicilio
796 3250 823 3293 et
845 3240 878 3293 de
898 3241 962 3293 locis
982 3240 1009 3293 iu
1030 3243 1123 3309 quibus
1226 3275 1227 3326 ἦ

225 3328 318 3397 aliquis
341 3327 438 3381 versari
461 3328 535 3383 solet.
548 3367 556 3382 .
569 3366 576 3382 .
591 3364 613 3380 ..
628 3326 679 3381 His
703 3328 839 3397 desumpta
861 3338 903 3381 est
925 3329 1047 3394 formula,
1071 3346 1123 3397 que
1226 3385 1227 3390 ,

224 3426 314 3469 auctor
336 3415 446 3483 alicujus
465 3415 523 3468 libri
548 3414 590 3468 vel
614 3415 676 3468 dieti
694 3416 849 3469 nominatur.
894 3414 966 3469 Nam
984 3417 1122 3485 scriptores

224 3500 250 3551 in
268 3500 340 3553 libris
356 3500 412 3552 suis
435 3502 510 3568 quasi
533 3502 561 3553 in
585 3502 715 3555 domicilio
738 3503 886 3557 habitant.”
929 3503 1032 3558 Hand’s
1056 3504 1121 3558 Ἰλιο-
1226 3539 1227 3542 =

224 3586 267 3636 ret.
280 3584 302 3637 1.
317 3604 342 3653 p.
355 3590 415 3638 ros.
