2475 4092
229 335 274 402 44
395 357 658 402 ansounmmuu
681 356 955 402 nrsrnrsrrorsou

230 511 338 576 mulat
368 511 542 597 Epicurus,
572 510 784 576 Democritioi
816 515 950 597 negant.
1012 507 1074 572 Ne
1106 507 1148 570 in

230 615 344 680 animo
359 616 495 700 quidem
510 617 610 701 igitur
625 636 742 679 sensus
756 619 923 694 remanet3
945 612 1019 698 ipse
1042 611 1147 674 enim

230 741 396 804 nusquam
419 727 477 785 esa
524 721 590 785 Ubi
615 721 717 806 igitur
737 719 866 785 malum
891 725 952 798 est,
967 717 1146 801 quoniam

229 823 312 890 nihil
327 825 461 889 tertium
473 823 547 888 est?
563 847 616 905 an,
629 824 790 907 quoniam
805 825 876 909 ipse
888 821 996 886 animi
1010 821 1146 884 diseas·

230 949 287 994 sus
302 949 324 993 a
338 949 470 1014 corpore
496 950 563 992 nou
588 928 627 992 fit
647 929 718 992 sine
740 926 875 993 dolore?
923 926 970 990 Ut
996 925 1144 988 credam

229 1032 278 1098 ita
293 1054 493 1117 essequam
508 1033 608 1098 estid
624 1030 798 1118 exiguum!
843 1032 891 1096 Et
911 1030 1037 1096 falsum
1064 1050 1144 1092 esse

230 1139 375 1217 arbitror,
399 1144 433 1201 et
456 1137 495 1202 fit
524 1137 718 1224 plerumque
741 1137 812 1202 sine
842 1157 952 1216 sensu,
975 1156 1141 1198 nonnun-

230 1263 332 1326 quam
348 1244 451 1306 etiam
466 1263 543 1306 cum
567 1242 757 1326 voluptate3
779 1247 956 1325 totumque
979 1240 1047 1303 hoe
1063 1239 1140 1302 leve

230 1352 289 1425 est,
305 1346 534 1430 qualecunque
557 1352 626 1426 est3
648 1344 688 1410 fit
701 1345 791 1408 enim
807 1345 852 1409 ad
867 1350 1032 1430 punctum
1049 1349 1140 1406 tern-

230 1449 335 1534 poris:
358 1448 409 1514 83.
431 1449 512 1514 illud
537 1450 632 1536 angit
656 1450 707 1515 vel
730 1451 843 1536 potius
869 1448 1050 1525 exomoiaa
1069 1447 1139 1509 dis·

230 1574 342 1618 cessus
364 1556 407 1617 ab
429 1555 584 1619 omnibus
608 1555 761 1637 iis,quae
782 1556 971 1618 sumbone
991 1553 1028 1615 in
1052 1552 1138 1614 vita.

233 1656 330 1738 Vide,
346 1679 388 1722 ne
409 1679 430 1722 a
451 1658 548 1722 malis
570 1658 639 1722 diei
660 1659 766 1722 verius
785 1658 898 1743 possit-
947 1655 1044 1734 Quid
1069 1676 1137 1740 ego

229 1783 321 1828 nuno
346 1763 481 1850 lugeam
504 1763 608 1827 vitam
633 1760 833 1827 hominum?
891 1761 978 1824 Vere
1002 1766 1037 1824 et
1058 1760 1136 1844 jure

230 1888 376 1953 possum.
423 1866 491 1932 Sed
513 1867 594 1949 quid
617 1888 751 1930 necesse
772 1872 832 1944 est,
846 1885 953 1949 quum
968 1865 1004 1928 id
1019 1885 1136 1949 agam,

230 1992 272 2036 ne
287 1978 516 2058 postmortem
533 1972 670 2036 miseros
685 1993 746 2035 nos
761 1976 918 2056 putemus
932 1968 1011 2048 lore,
1026 1970 1136 2031 etiam

229 2073 335 2138 vitam
364 2073 490 2137 effioere
520 2073 722 2159 deplorando
752 2070 980 2137 miseriorem?
1035 2069 1135 2134 Feci·

231 2197 307 2240 mus
323 2177 434 2240 hocin
450 2197 490 2240 eo
504 2176 596 2257 libro,
611 2179 647 2242 in
666 2197 734 2260 quo
757 2181 890 2241 nosmet
909 2176 1011 2260 ipsos,
1025 2196 1135 2257 quan·

230 2285 306 2344 tum
319 2281 501 2365 potuimus,
517 2281 678 2346 consolati
694 2303 820 2345 sumus.
867 2281 900 2345 A
914 2279 1012 2344 malis
1026 2279 1134 2364 igitur

231 2403 319 2448 mors
336 2381 481 2463 abducit,
496 2405 563 2448 non
579 2405 600 2448 a
614 2386 728 2464 bonis;
751 2406 864 2447 verum
885 2384 915 2446 si
929 2383 1133 2466 quaerimus.

232 2486 279 2552 Et
293 2486 429 2570 quidem
450 2489 512 2552 hoo
527 2510 548 2552 a
566 2489 748 2574 Cyrenaico
766 2489 912 2574 Hegesia
926 2489 975 2552 sio
993 2488 1133 2571 copiose

230 2593 428 2679 disputatur,
451 2599 491 2658 ut
518 2594 547 2657 is
574 2615 595 2657 a
619 2615 696 2678 rege
725 2593 917 2657 Ptolemaeo
944 2592 1131 2678 prohibitus

230 2719 302 2762 esse
318 2699 446 2763 dicatur
462 2698 516 2762 illa
530 2699 566 2761 in
581 2698 700 2761 scholis
723 2699 838 2777 dicere,
853 2698 944 2780 quod
965 2696 1073 2775 multi,
1088 2697 1132 2760 iis

230 2803 363 2881 auditis,
378 2809 519 2867 mortem
535 2802 598 2865 sibi
614 2802 678 2885 ipsi
695 2803 941 2865 consciscerent

274 2905 325 2970 84.
351 2907 547 2970 Callimachi
563 2905 698 2988 quidem
718 2907 924 2991 epigramma
937 2906 973 2968 in
992 2906 1131 2969 Ambra·

231 3008 355 3073 oiotam
383 3010 633 3074 Cleombrotum
657 3016 725 3073 est:
759 3031 859 3092 quem
884 3011 940 3088 ait,
965 3030 1073 3091 quum
1097 3010 1132 3073 ei

230 3112 311 3176 nihil
328 3114 502 3178 accidisset
524 3114 661 3191 adversi,
677 3135 695 3175 e
710 3135 804 3177 muro
828 3134 863 3175 se
884 3114 919 3176 in
935 3135 1026 3176 mare
1041 3114 1131 3196 abje-

231 3217 324 3297 cisse,
350 3217 434 3280 lecto
461 3218 609 3281 Platonis
636 3216 727 3279 libro.
773 3217 857 3299 Ejus
880 3223 1005 3296 autem,
1028 3237 1130 3299 quem

231 3323 309 3402 dixi,
336 3323 500 3405 Hegesiae
530 3322 610 3384 liber
637 3327 695 3399 est,
716 3307 972 3403 Ἀποκαρτερῶν,
996 3322 1086 3404 quod
1107 3344 1131 3386 a

231 3428 301 3490 vita
315 3424 453 3508 quidam
469 3444 526 3506 per
540 3423 685 3486 inediam
701 3423 872 3487 discedens
894 3431 1064 3488 revocatur
1085 3428 1129 3489 ab

233 3529 358 3604 amieis,
381 3527 503 3608 quibus
525 3527 735 3608 respondens,
749 3529 838 3590 vitae
860 3530 1028 3593 humanae
1050 3549 1130 3595 enu-
