2475 4092
394 374 546 416 sonmuu
569 375 742 418 sermonis.
860 402 863 408 1
974 353 1014 418 81

114 527 176 609 qui
191 548 252 589 nec
267 528 449 610 pauciores
464 536 498 593 et
513 534 599 592 certe
618 528 769 592 meliores
785 527 918 592 suerunt
939 529 1017 592 viri:

114 652 224 713 quum
241 634 431 715 praesertim
447 634 537 718 apud
554 655 611 696 eos
627 633 727 716 ipsos,
739 655 759 695 a
775 633 895 715 quibus
911 632 1018 696 audiri

116 757 242 798 nomen
258 743 408 800 nostrum
431 744 550 822 potest,
566 759 666 800 nemo
682 738 782 800 unius
799 738 878 800 anni
893 759 1019 801 memo·

114 842 201 904 riam
217 843 375 924 consequi
399 843 513 926 possit.
560 842 723 905 Homines
747 843 836 905 enim
855 842 1018 927 populari-

116 950 169 1008 ter
183 966 310 1008 annum
325 947 561 1010 tantummodo
577 946 664 1025 solis,
680 947 714 1010 id
737 953 796 1026 est,
812 948 911 1010 unius
931 949 1019 1027 astri,

114 1049 227 1112 reditu
250 1051 452 1113 metiuntur:
475 1072 580 1133 quum
606 1057 721 1113 autem
748 1051 790 1114 ad
814 1052 914 1130 idem,
929 1052 1019 1116 unde

117 1153 222 1217 semel
244 1152 390 1237 prosecta
413 1162 501 1233 sunt,
516 1162 637 1218 cuncta
660 1161 748 1218 astra
766 1155 927 1235 redierint,
943 1178 1022 1220 ean·

117 1259 264 1340 demque
273 1259 376 1321 totius
388 1259 471 1322 caeli
482 1259 736 1343 descriptionem
748 1259 857 1345 longis
869 1261 1020 1324 interval-

116 1364 160 1427 lis
177 1363 356 1441 retulerint,
369 1369 443 1426 tum
466 1363 521 1426 ille
543 1385 616 1426 vere
635 1370 764 1428 vertens
787 1386 894 1428 annus
910 1365 1020 1450 appel·

117 1467 179 1530 lari
194 1472 322 1551 potest:
343 1468 377 1529 in
394 1488 461 1550 quo
474 1468 530 1531 vix
542 1467 648 1530 dicere
665 1468 783 1547 audeo,
794 1491 897 1551 quam
915 1470 1022 1534 multa

119 1571 255 1635 saecula
270 1572 444 1634 hominurn
465 1578 650 1636 teneantur·
697 1573 862 1656 Namque,
877 1580 916 1636 ut
938 1574 1019 1637 olim

119 1674 259 1739 deficere
289 1675 338 1738 sol
368 1677 559 1739 hominibus
590 1678 822 1761 exstinguique
846 1679 936 1741 visus
961 1685 1021 1758 est,

120 1803 227 1864 quum
245 1779 379 1844 Romuli
401 1780 535 1843 animus
548 1781 629 1844 haec
644 1783 717 1865 ipsa
729 1783 762 1844 in
780 1782 905 1865 templa
923 1805 1021 1867 pene·

119 1887 229 1964 travit,
250 1886 308 1964 ita,
331 1885 531 1968 quandoque
556 1885 674 1948 eadem
699 1887 791 1970 pa'rte
816 1886 865 1949 sol
890 1887 1022 1950 eodem·

120 2012 186 2074 que
201 1998 349 2073 ternpore
371 1991 491 2052 iterum
514 1988 676 2068 defecerit,
692 1998 775 2068 turn,
797 1991 900 2074 signis
916 1993 1021 2054 omni-

119 2097 184 2158 bus
214 2094 256 2157 ad
289 2094 377 2156 idern
414 2095 610 2178 principium
649 2094 815 2176 stellisque
851 2097 1022 2176 revocatis

120 2198 289 2282 expletum
321 2220 447 2261 annum
470 2199 600 2260 habeto,
647 2198 758 2282 Hujus
774 2199 918 2281 'quidem
941 2201 1022 2264 anni

120 2303 272 2365 nondum
301 2303 500 2387 vigesimam
526 2309 653 2387 partem
684 2303 767 2366 scito
793 2323 864 2366 esse
891 2325 1022 2368 conver·

120 2429 204 2471 sam.

164 2519 184 2550 ‘⁶
198 2510 374 2588 Quocirca,
389 2510 416 2572 si
432 2509 575 2573 reditum
590 2511 624 2572 in
642 2510 731 2574 hunc
746 2511 856 2574 locum
872 2510 1021 2596 despera-

118 2616 215 2694 veris,
226 2616 259 2676 in
276 2636 343 2697 quo
360 2615 473 2676 omnia
489 2621 569 2677 sunt
583 2616 715 2699 magnis
731 2622 764 2677 et
779 2618 1022 2699 praestantibus

119 2721 216 2798 viris;
239 2720 357 2802 quanti
382 2719 519 2782 tandem
542 2727 593 2782 est
617 2721 683 2783 ista
709 2721 880 2782 hominum
909 2720 1022 2805 gloria,

119 2846 208 2909 quae
222 2826 379 2908 pertinere
390 2825 445 2887 vix
461 2824 502 2887 ad
518 2826 619 2888 unius
632 2825 710 2886 anni
727 2831 851 2908 partem
866 2827 1022 2910 exiguam

120 2929 258 3016 potest?
304 2929 408 3014 Igitur
423 2929 489 2991 alte
505 2936 653 3014 spectare
669 2929 697 2992 si
709 2928 808 3007 voles,
821 2935 920 3012 atque
937 2932 1022 2996 hanc

121 3036 236 3100 sedem
260 3040 294 3099 et
316 3042 484 3098 aeternam
510 3035 650 3097 domum
675 3035 843 3114 contueri;
866 3057 974 3118 neque
989 3043 1023 3101 te

122 3141 331 3204 sermonibus
346 3139 437 3224 vulgi
452 3139 589 3217 dederis,
604 3140 715 3202 necin
737 3139 890 3223 praemiis
906 3141 1023 3205 huma·

121 3245 176 3308 nis
198 3264 290 3327 spem
313 3243 462 3327 posueris
484 3263 592 3306 rerum
614 3249 765 3305 tuarum:
788 3244 857 3306 suis
872 3249 914 3323 te,
931 3267 1023 3329 opor·

121 3354 181 3428 tet,
197 3349 357 3411 illecebris
372 3349 446 3432 ipsa
468 3348 571 3410 virtus
597 3349 707 3410 trahat
723 3347 766 3410 ad
782 3369 894 3412 verum
913 3349 1024 3413 decus.

127 3452 220 3530 Quid
237 3451 278 3514 de
299 3458 332 3514 te
355 3451 412 3514 alii
434 3451 622 3532 loquantur,
637 3451 701 3535 ipsi
724 3451 875 3532 videant;
898 3452 957 3514 sed
978 3453 1025 3516 lo·

123 3563 267 3640 quentur
281 3561 405 3620 tamen.
452 3555 569 3620 Sermo
592 3561 705 3620 autem
722 3556 831 3620 omnis
847 3555 900 3619 ille
920 3564 953 3621 et
968 3579 1025 3622 an·

386 3660 407 3724 6
