<?xml version="1.0" encoding="UTF-8"?>
<!DOCTYPE html PUBLIC "-//W3C//DTD XHTML 1.0 Transitional//EN"
    "http://www.w3.org/TR/xhtml1/DTD/xhtml1-transitional.dtd">
<html xmlns="http://www.w3.org/1999/xhtml" xml:lang="en" lang="en">
 <head>
  <title>
</title>
<meta http-equiv="Content-Type" content="text/html;charset=utf-8" />
  <meta name='ocr-system' content='tesseract 3.04.00' />
  <meta name='ocr-capabilities' content='ocr_page ocr_carea ocr_par ocr_line ocrx_word'/>
</head>
<body>
  <div class='ocr_page' id='page_1' title='image "./tusculandisputa01cicegoog_0046.png"; bbox 0 0 2475 4092; ppageno 0'>
   <div class='ocr_carea' id='block_1_1' title="bbox 232 325 956 392">
    <p class='ocr_par' dir='ltr' id='par_1_1' title="bbox 232 325 956 392">
     <span class='ocr_line' id='line_1_1' title="bbox 232 325 956 392; baseline 0.003 -2"><span class='ocrx_word' id='word_1_1' title='bbox 232 325 275 390; x_wconf 81' lang='lat'><strong>20</strong></span> <span class='ocrx_word' id='word_1_2' title='bbox 404 347 664 392; x_wconf 75' lang='lat' dir='ltr'><strong>ruscumrmsurr</strong></span> <span class='ocrx_word' id='word_1_3' title='bbox 686 348 956 392; x_wconf 78' lang='lat' dir='ltr'><strong>orarummormrr</strong></span> 
     </span>
    </p>
   </div>
   <div class='ocr_carea' id='block_1_2' title="bbox 233 499 1136 692">
    <p class='ocr_par' dir='ltr' id='par_1_2' title="bbox 233 499 1136 692">
     <span class='ocr_line' id='line_1_2' title="bbox 233 499 1135 598; baseline -0.004 -30"><span class='ocrx_word' id='word_1_4' title='bbox 233 503 305 568; x_wconf 89' lang='lat' dir='ltr'><strong>sine</strong></span> <span class='ocrx_word' id='word_1_5' title='bbox 331 501 516 598; x_wconf 69' lang='lat' dir='ltr'><strong>corporibus</strong></span> <span class='ocrx_word' id='word_1_6' title='bbox 538 521 598 564; x_wconf 91' lang='lat' dir='ltr'><strong>nec</strong></span> <span class='ocrx_word' id='word_1_7' title='bbox 623 499 694 565; x_wconf 88' lang='lat' dir='ltr'><strong>fieri</strong></span> <span class='ocrx_word' id='word_1_8' title='bbox 716 509 860 586; x_wconf 78' lang='lat' dir='ltr'><strong>possent,</strong></span> <span class='ocrx_word' id='word_1_9' title='bbox 883 524 945 566; x_wconf 89' lang='lat' dir='ltr'><strong>nec</strong></span> <span class='ocrx_word' id='word_1_10' title='bbox 975 501 1135 586; x_wconf 77' lang='lat' dir='ltr'><strong>intelligi,</strong></span> 
     </span>
     <span class='ocr_line' id='line_1_3' title="bbox 234 605 1136 692; baseline -0.004 -20"><span class='ocrx_word' id='word_1_11' title='bbox 234 607 374 672; x_wconf 87' lang='lat' dir='ltr'><strong>Animos</strong></span> <span class='ocrx_word' id='word_1_12' title='bbox 389 605 478 669; x_wconf 91' lang='lat' dir='ltr'><strong>enim</strong></span> <span class='ocrx_word' id='word_1_13' title='bbox 493 625 598 690; x_wconf 87' lang='lat' dir='ltr'><strong>perse</strong></span> <span class='ocrx_word' id='word_1_14' title='bbox 613 607 705 690; x_wconf 87' lang='lat' dir='ltr'><strong>ipsos</strong></span> <span class='ocrx_word' id='word_1_15' title='bbox 719 607 866 670; x_wconf 87' lang='lat' dir='ltr'><strong>viventes</strong></span> <span class='ocrx_word' id='word_1_16' title='bbox 883 629 951 671; x_wconf 91' lang='lat' dir='ltr'><strong>non</strong></span> <span class='ocrx_word' id='word_1_17' title='bbox 973 612 1136 692; x_wconf 86' lang='lat' dir='ltr'><strong>poterant</strong></span> 
     </span>
    </p>
   </div>
   <div class='ocr_carea' id='block_1_3' title="bbox 229 708 1134 1107">
    <p class='ocr_par' dir='ltr' id='par_1_3' title="bbox 229 708 1134 1107">
     <span class='ocr_line' id='line_1_4' title="bbox 232 708 1134 798; baseline -0.004 -22"><span class='ocrx_word' id='word_1_18' title='bbox 232 719 344 777; x_wconf 88' lang='lat' dir='ltr'><strong>mente</strong></span> <span class='ocrx_word' id='word_1_19' title='bbox 370 710 560 795; x_wconf 88' lang='lat' dir='ltr'><strong>complecti;</strong></span> <span class='ocrx_word' id='word_1_20' title='bbox 582 708 723 773; x_wconf 87' lang='lat' dir='ltr'><strong>sormam</strong></span> <span class='ocrx_word' id='word_1_21' title='bbox 749 711 896 794; x_wconf 80' lang='lat' dir='ltr'>aliquam</span> <span class='ocrx_word' id='word_1_22' title='bbox 916 710 1134 798; x_wconf 87' lang='lat' dir='ltr'><strong>figuramque</strong></span> 
     </span>
     <span class='ocr_line' id='line_1_5' title="bbox 231 804 1133 902; baseline -0.007 -20"><span class='ocrx_word' id='word_1_23' title='bbox 231 820 440 902; x_wconf 83' lang='lat' dir='ltr'><strong>quaerebant</strong></span> <span class='ocrx_word' id='word_1_24' title='bbox 485 815 565 878; x_wconf 90' lang='lat' dir='ltr'><strong>Inde</strong></span> <span class='ocrx_word' id='word_1_25' title='bbox 585 815 724 879; x_wconf 87' lang='lat' dir='ltr'><strong>Homeri</strong></span> <span class='ocrx_word' id='word_1_26' title='bbox 742 823 814 880; x_wconf 85' lang='lat' dir='ltr'><strong>tota</strong></span> <span class='ocrx_word' id='word_1_27' title='bbox 835 804 961 889; x_wconf 70' lang='grc' dir='ltr'>νεκυίας</span> <span class='ocrx_word' id='word_1_28' title='bbox 982 817 1059 880; x_wconf 91' lang='lat' dir='ltr'><strong>iude</strong></span> <span class='ocrx_word' id='word_1_29' title='bbox 1075 837 1133 895; x_wconf 85' lang='lat' dir='ltr'><strong>ea,</strong></span> 
     </span>
     <span class='ocr_line' id='line_1_6' title="bbox 231 915 1133 1009; baseline -0.011 -20"><span class='ocrx_word' id='word_1_30' title='bbox 231 948 316 1009; x_wconf 91' lang='lat' dir='ltr'><strong>quae</strong></span> <span class='ocrx_word' id='word_1_31' title='bbox 332 945 427 988; x_wconf 89' lang='lat' dir='ltr'><strong>meus</strong></span> <span class='ocrx_word' id='word_1_32' title='bbox 443 923 569 986; x_wconf 85' lang='lat' dir='ltr'><strong>amicus</strong></span> <span class='ocrx_word' id='word_1_33' title='bbox 584 922 713 1006; x_wconf 87' lang='lat' dir='ltr'><strong>Appius</strong></span> <span class='ocrx_word' id='word_1_34' title='bbox 728 915 953 1004; x_wconf 73' lang='grc' dir='ltr'>νεκρομαντεῑα</span> <span class='ocrx_word' id='word_1_35' title='bbox 964 922 1133 1000; x_wconf 50' lang='lat' dir='ltr'><strong>faciebam</strong></span> 
     </span>
     <span class='ocr_line' id='line_1_7' title="bbox 229 1027 876 1107; baseline -0.008 -12"><span class='ocrx_word' id='word_1_36' title='bbox 229 1031 306 1095; x_wconf 90' lang='lat' dir='ltr'><strong>inde</strong></span> <span class='ocrx_word' id='word_1_37' title='bbox 321 1030 357 1092; x_wconf 92' lang='lat' dir='ltr'><strong>in</strong></span> <span class='ocrx_word' id='word_1_38' title='bbox 372 1028 492 1091; x_wconf 89' lang='lat' dir='ltr'><strong>vicinia</strong></span> <span class='ocrx_word' id='word_1_39' title='bbox 507 1032 620 1090; x_wconf 88' lang='lat' dir='ltr'><strong>nostra</strong></span> <span class='ocrx_word' id='word_1_40' title='bbox 637 1028 760 1090; x_wconf 89' lang='lat' dir='ltr'><strong>Averni</strong></span> <span class='ocrx_word' id='word_1_41' title='bbox 773 1027 876 1107; x_wconf 86' lang='lat' dir='ltr'><strong>lacus,</strong></span> 
     </span>
    </p>
   </div>
   <div class='ocr_carea' id='block_1_4' title="bbox 297 1137 1076 1313">
    <p class='ocr_par' dir='ltr' id='par_1_4' title="bbox 297 1137 1076 1313">
     <span class='ocr_line' id='line_1_8' title="bbox 305 1137 1034 1223; baseline -0.005 -13"><span class='ocrx_word' id='word_1_42' title='bbox 305 1137 374 1210; x_wconf 69' lang='lat' dir='ltr'><strong>dade</strong></span> <span class='ocrx_word' id='word_1_43' title='bbox 386 1157 484 1207; x_wconf 81' lang='lat' dir='ltr'><strong>animae</strong></span> <span class='ocrx_word' id='word_1_44' title='bbox 494 1153 636 1206; x_wconf 63' lang='lat' dir='ltr'><strong>enutrimur</strong></span> <span class='ocrx_word' id='word_1_45' title='bbox 647 1155 750 1206; x_wconf 68' lang='lat' dir='ltr'><strong>obrucre</strong></span> <span class='ocrx_word' id='word_1_46' title='bbox 761 1153 859 1219; x_wconf 70' lang='lat' dir='ltr'><strong>cimbro,</strong></span> <span class='ocrx_word' id='word_1_47' title='bbox 872 1162 957 1223; x_wconf 78' lang='lat' dir='ltr'><strong>operto</strong></span> <span class='ocrx_word' id='word_1_48' title='bbox 970 1155 1034 1207; x_wconf 72' lang='lat' dir='ltr'><strong>detio</strong></span> 
     </span>
     <span class='ocr_line' id='line_1_9' title="bbox 297 1233 1076 1313; baseline 0.001 -19"><span class='ocrx_word' id='word_1_49' title='bbox 297 1233 355 1298; x_wconf 70' lang='lat' dir='ltr'><strong>Alta·</strong></span> <span class='ocrx_word' id='word_1_50' title='bbox 367 1244 527 1308; x_wconf 73' lang='lat' dir='ltr'><strong>Acheruntis,</strong></span> <span class='ocrx_word' id='word_1_51' title='bbox 532 1242 607 1312; x_wconf 75' lang='lat' dir='ltr'><strong>sdico</strong></span> <span class='ocrx_word' id='word_1_52' title='bbox 619 1244 756 1313; x_wconf 73' lang='lat' dir='ltr'><strong>sanguine,</strong></span> <span class='ocrx_word' id='word_1_53' title='bbox 767 1243 925 1296; x_wconf 78' lang='lat' dir='ltr'><strong>mdrtuorum</strong></span> <span class='ocrx_word' id='word_1_54' title='bbox 936 1242 1076 1313; x_wconf 74' lang='lat' dir='ltr'><strong>tnrdgines.</strong></span> 
     </span>
    </p>
   </div>
   <div class='ocr_carea' id='block_1_5' title="bbox 229 1345 1130 3624">
    <p class='ocr_par' dir='ltr' id='par_1_5' title="bbox 229 1345 1130 3080">
     <span class='ocr_line' id='line_1_10' title="bbox 232 1345 1130 1431; baseline -0.003 -18"><span class='ocrx_word' id='word_1_55' title='bbox 232 1348 304 1414; x_wconf 88' lang='lat' dir='ltr'><strong>Has</strong></span> <span class='ocrx_word' id='word_1_56' title='bbox 333 1354 444 1412; x_wconf 89' lang='lat' dir='ltr'><strong>tamen</strong></span> <span class='ocrx_word' id='word_1_57' title='bbox 471 1347 633 1431; x_wconf 84' lang='lat' dir='ltr'>imagines</span> <span class='ocrx_word' id='word_1_58' title='bbox 658 1345 750 1428; x_wconf 91' lang='lat' dir='ltr'><strong>loqui</strong></span> <span class='ocrx_word' id='word_1_59' title='bbox 776 1346 908 1426; x_wconf 87' lang='lat' dir='ltr'><strong>volunt;</strong></span> <span class='ocrx_word' id='word_1_60' title='bbox 937 1347 1028 1429; x_wconf 94' lang='lat' dir='ltr'><strong>quod</strong></span> <span class='ocrx_word' id='word_1_61' title='bbox 1054 1345 1130 1410; x_wconf 85' lang='lat' dir='ltr'><strong>fieri</strong></span> 
     </span>
     <span class='ocr_line' id='line_1_11' title="bbox 230 1450 1129 1536; baseline -0.004 -18"><span class='ocrx_word' id='word_1_62' title='bbox 230 1475 291 1518; x_wconf 88' lang='lat' dir='ltr'><strong>nec</strong></span> <span class='ocrx_word' id='word_1_63' title='bbox 315 1453 384 1516; x_wconf 87' lang='lat' dir='ltr'><strong>sinc</strong></span> <span class='ocrx_word' id='word_1_64' title='bbox 406 1451 529 1536; x_wconf 88' lang='lat' dir='ltr'><strong>lingua,</strong></span> <span class='ocrx_word' id='word_1_65' title='bbox 553 1472 613 1513; x_wconf 90' lang='lat' dir='ltr'><strong>nec</strong></span> <span class='ocrx_word' id='word_1_66' title='bbox 639 1451 709 1513; x_wconf 87' lang='lat' dir='ltr'><strong>sine</strong></span> <span class='ocrx_word' id='word_1_67' title='bbox 732 1450 854 1536; x_wconf 90' lang='lat' dir='ltr'><strong>palato,</strong></span> <span class='ocrx_word' id='word_1_68' title='bbox 877 1472 938 1514; x_wconf 85' lang='lat' dir='ltr'><strong>nec</strong></span> <span class='ocrx_word' id='word_1_69' title='bbox 960 1453 1031 1514; x_wconf 88' lang='lat' dir='ltr'><strong>sine</strong></span> <span class='ocrx_word' id='word_1_70' title='bbox 1053 1450 1129 1514; x_wconf 83' lang='lat' dir='ltr'><strong>fau·</strong></span> 
     </span>
     <span class='ocr_line' id='line_1_12' title="bbox 231 1553 1128 1640; baseline -0.004 -19"><span class='ocrx_word' id='word_1_71' title='bbox 231 1559 330 1636; x_wconf 89' lang='lat' dir='ltr'><strong>oium,</strong></span> <span class='ocrx_word' id='word_1_72' title='bbox 352 1557 500 1634; x_wconf 87' lang='lat' dir='ltr'><strong>laterum,</strong></span> <span class='ocrx_word' id='word_1_73' title='bbox 526 1555 722 1639; x_wconf 90' lang='lat' dir='ltr'><strong>pulmonum</strong></span> <span class='ocrx_word' id='word_1_74' title='bbox 752 1556 785 1618; x_wconf 89' lang='lat' dir='ltr'><strong>vi</strong></span> <span class='ocrx_word' id='word_1_75' title='bbox 811 1562 845 1618; x_wconf 90' lang='lat' dir='ltr'><strong>et</strong></span> <span class='ocrx_word' id='word_1_76' title='bbox 873 1553 979 1640; x_wconf 89' lang='lat' dir='ltr'><strong>figura</strong></span> <span class='ocrx_word' id='word_1_77' title='bbox 1005 1561 1128 1640; x_wconf 85' lang='lat' dir='ltr'><strong>potest</strong></span> 
     </span>
     <span class='ocr_line' id='line_1_13' title="bbox 234 1659 1128 1744; baseline -0.003 -18"><span class='ocrx_word' id='word_1_78' title='bbox 234 1662 325 1726; x_wconf 90' lang='lat' dir='ltr'><strong>Nihil</strong></span> <span class='ocrx_word' id='word_1_79' title='bbox 350 1661 438 1723; x_wconf 91' lang='lat' dir='ltr'><strong>enim</strong></span> <span class='ocrx_word' id='word_1_80' title='bbox 465 1660 578 1722; x_wconf 91' lang='lat' dir='ltr'><strong>animo</strong></span> <span class='ocrx_word' id='word_1_81' title='bbox 604 1659 712 1721; x_wconf 86' lang='lat' dir='ltr'><strong>videre</strong></span> <span class='ocrx_word' id='word_1_82' title='bbox 736 1665 908 1744; x_wconf 83' lang='lat' dir='ltr'><strong>poterant3</strong></span> <span class='ocrx_word' id='word_1_83' title='bbox 939 1659 983 1723; x_wconf 92' lang='lat' dir='ltr'><strong>ad</strong></span> <span class='ocrx_word' id='word_1_84' title='bbox 1008 1659 1128 1723; x_wconf 91' lang='lat' dir='ltr'><strong>oculos</strong></span> 
     </span>
     <span class='ocr_line' id='line_1_14' title="bbox 232 1762 1126 1849; baseline -0.003 -19"><span class='ocrx_word' id='word_1_85' title='bbox 232 1766 345 1830; x_wconf 90' lang='lat' dir='ltr'><strong>omnia</strong></span> <span class='ocrx_word' id='word_1_86' title='bbox 358 1763 546 1827; x_wconf 80' lang='lat' dir='ltr'><strong>referebant</strong></span> <span class='ocrx_word' id='word_1_87' title='bbox 584 1762 635 1825; x_wconf 84' lang='lat'><strong>38.</strong></span> <span class='ocrx_word' id='word_1_88' title='bbox 661 1763 777 1848; x_wconf 85' lang='lat' dir='ltr'><strong>Magni</strong></span> <span class='ocrx_word' id='word_1_89' title='bbox 793 1771 907 1827; x_wconf 88' lang='lat' dir='ltr'><strong>autem</strong></span> <span class='ocrx_word' id='word_1_90' title='bbox 922 1771 973 1827; x_wconf 86' lang='lat' dir='ltr'><strong>est</strong></span> <span class='ocrx_word' id='word_1_91' title='bbox 986 1765 1126 1849; x_wconf 82' lang='lat' dir='ltr'><strong>ingenii,</strong></span> 
     </span>
     <span class='ocr_line' id='line_1_15' title="bbox 230 1869 1127 1953; baseline -0.003 -18"><span class='ocrx_word' id='word_1_92' title='bbox 230 1891 380 1936; x_wconf 83' lang='lat' dir='ltr'><strong>sevocare</strong></span> <span class='ocrx_word' id='word_1_93' title='bbox 407 1874 551 1932; x_wconf 86' lang='lat' dir='ltr'><strong>mentem</strong></span> <span class='ocrx_word' id='word_1_94' title='bbox 576 1889 596 1931; x_wconf 86' lang='lat' dir='ltr'><strong>a</strong></span> <span class='ocrx_word' id='word_1_95' title='bbox 619 1869 770 1930; x_wconf 87' lang='lat' dir='ltr'><strong>sensibus</strong></span> <span class='ocrx_word' id='word_1_96' title='bbox 793 1875 827 1931; x_wconf 87' lang='lat' dir='ltr'><strong>et</strong></span> <span class='ocrx_word' id='word_1_97' title='bbox 849 1870 1088 1953; x_wconf 81' lang='lat' dir='ltr'><strong>cogitationem</strong></span> <span class='ocrx_word' id='word_1_98' title='bbox 1104 1890 1127 1932; x_wconf 92' lang='lat' dir='ltr'><strong>a</strong></span> 
     </span>
     <span class='ocr_line' id='line_1_16' title="bbox 229 1972 1126 2055; baseline -0.003 -16"><span class='ocrx_word' id='word_1_99' title='bbox 229 1973 467 2039; x_wconf 88' lang='lat' dir='ltr'><strong>consuetudine</strong></span> <span class='ocrx_word' id='word_1_100' title='bbox 491 1972 661 2035; x_wconf 88' lang='lat' dir='ltr'><strong>abducere.</strong></span> <span class='ocrx_word' id='word_1_101' title='bbox 707 1972 823 2055; x_wconf 88' lang='lat' dir='ltr'><strong>Itaque</strong></span> <span class='ocrx_word' id='word_1_102' title='bbox 847 1973 944 2035; x_wconf 87' lang='lat' dir='ltr'><strong>credo</strong></span> <span class='ocrx_word' id='word_1_103' title='bbox 967 1973 1126 2055; x_wconf 89' lang='lat' dir='ltr'><strong>equidem</strong></span> 
     </span>
     <span class='ocr_line' id='line_1_17' title="bbox 230 2076 1125 2158; baseline -0.001 -17"><span class='ocrx_word' id='word_1_104' title='bbox 230 2080 331 2141; x_wconf 84' lang='lat' dir='ltr'><strong>etiam</strong></span> <span class='ocrx_word' id='word_1_105' title='bbox 352 2077 434 2140; x_wconf 88' lang='lat' dir='ltr'><strong>alios</strong></span> <span class='ocrx_word' id='word_1_106' title='bbox 449 2081 499 2138; x_wconf 91' lang='lat' dir='ltr'><strong>tot</strong></span> <span class='ocrx_word' id='word_1_107' title='bbox 514 2077 671 2155; x_wconf 85' lang='lat' dir='ltr'><strong>saeculis;</strong></span> <span class='ocrx_word' id='word_1_108' title='bbox 694 2077 760 2155; x_wconf 88' lang='lat' dir='ltr'><strong>sed,</strong></span> <span class='ocrx_word' id='word_1_109' title='bbox 772 2076 862 2158; x_wconf 92' lang='lat' dir='ltr'><strong>quod</strong></span> <span class='ocrx_word' id='word_1_110' title='bbox 876 2076 991 2140; x_wconf 84' lang='lat' dir='ltr'><strong>litteris</strong></span> <span class='ocrx_word' id='word_1_111' title='bbox 1007 2083 1125 2156; x_wconf 76' lang='lat' dir='ltr'><strong>exstet,</strong></span> 
     </span>
     <span class='ocr_line' id='line_1_18' title="bbox 232 2178 1125 2264; baseline 0 -20"><span class='ocrx_word' id='word_1_112' title='bbox 232 2180 433 2264; x_wconf 86' lang='lat' dir='ltr'><strong>Pherecydes</strong></span> <span class='ocrx_word' id='word_1_113' title='bbox 458 2178 572 2263; x_wconf 85' lang='lat' dir='ltr'><strong>Syrius</strong></span> <span class='ocrx_word' id='word_1_114' title='bbox 595 2180 738 2263; x_wconf 89' lang='lat' dir='ltr'><strong>primum</strong></span> <span class='ocrx_word' id='word_1_115' title='bbox 760 2180 852 2259; x_wconf 77' lang='lat' dir='ltr'><strong>dixit,</strong></span> <span class='ocrx_word' id='word_1_116' title='bbox 867 2181 998 2244; x_wconf 88' lang='lat' dir='ltr'><strong>animos</strong></span> <span class='ocrx_word' id='word_1_117' title='bbox 1017 2181 1125 2244; x_wconf 87' lang='lat' dir='ltr'><strong>horni-</strong></span> 
     </span>
     <span class='ocr_line' id='line_1_19' title="bbox 229 2283 1125 2367; baseline 0.002 -19"><span class='ocrx_word' id='word_1_118' title='bbox 229 2305 311 2349; x_wconf 91' lang='lat' dir='ltr'><strong>num</strong></span> <span class='ocrx_word' id='word_1_119' title='bbox 328 2304 399 2346; x_wconf 88' lang='lat' dir='ltr'><strong>esse</strong></span> <span class='ocrx_word' id='word_1_120' title='bbox 414 2283 644 2367; x_wconf 88' lang='lat' dir='ltr'><strong>sempiternos:</strong></span> <span class='ocrx_word' id='word_1_121' title='bbox 668 2285 825 2366; x_wconf 89' lang='lat' dir='ltr'><strong>antiquus</strong></span> <span class='ocrx_word' id='word_1_122' title='bbox 841 2306 935 2348; x_wconf 88' lang='lat' dir='ltr'><strong>sane:</strong></span> <span class='ocrx_word' id='word_1_123' title='bbox 953 2284 1019 2349; x_wconf 86' lang='lat' dir='ltr'><strong>luit</strong></span> <span class='ocrx_word' id='word_1_124' title='bbox 1033 2287 1125 2350; x_wconf 88' lang='lat' dir='ltr'><strong>enim</strong></span> 
     </span>
     <span class='ocr_line' id='line_1_20' title="bbox 230 2387 1126 2474; baseline 0.001 -23"><span class='ocrx_word' id='word_1_125' title='bbox 230 2409 306 2452; x_wconf 90' lang='lat' dir='ltr'><strong>meo</strong></span> <span class='ocrx_word' id='word_1_126' title='bbox 331 2392 489 2471; x_wconf 74' lang='lat' dir='ltr'><strong>regnante</strong></span> <span class='ocrx_word' id='word_1_127' title='bbox 516 2387 639 2471; x_wconf 86' lang='lat' dir='ltr'><strong>gentili.</strong></span> <span class='ocrx_word' id='word_1_128' title='bbox 688 2387 785 2451; x_wconf 91' lang='lat' dir='ltr'><strong>Hanc</strong></span> <span class='ocrx_word' id='word_1_129' title='bbox 811 2389 1000 2474; x_wconf 88' lang='lat' dir='ltr'><strong>opinionem</strong></span> <span class='ocrx_word' id='word_1_130' title='bbox 1027 2389 1126 2453; x_wconf 90' lang='lat' dir='ltr'><strong>disci-</strong></span> 
     </span>
     <span class='ocr_line' id='line_1_21' title="bbox 229 2491 1126 2579; baseline 0.003 -23"><span class='ocrx_word' id='word_1_131' title='bbox 229 2491 328 2579; x_wconf 90' lang='lat' dir='ltr'><strong>pulus</strong></span> <span class='ocrx_word' id='word_1_132' title='bbox 343 2493 414 2576; x_wconf 90' lang='lat' dir='ltr'><strong>ejus</strong></span> <span class='ocrx_word' id='word_1_133' title='bbox 431 2491 635 2577; x_wconf 87' lang='lat' dir='ltr'><strong>Pythagoras</strong></span> <span class='ocrx_word' id='word_1_134' title='bbox 651 2496 794 2556; x_wconf 88' lang='lat' dir='ltr'><strong>maxime</strong></span> <span class='ocrx_word' id='word_1_135' title='bbox 808 2493 1032 2558; x_wconf 89' lang='lat' dir='ltr'><strong>confirmavit:</strong></span> <span class='ocrx_word' id='word_1_136' title='bbox 1055 2496 1126 2578; x_wconf 92' lang='lat' dir='ltr'><strong>qui,</strong></span> 
     </span>
     <span class='ocr_line' id='line_1_22' title="bbox 230 2597 1126 2682; baseline 0 -20"><span class='ocrx_word' id='word_1_137' title='bbox 230 2619 335 2682; x_wconf 91' lang='lat' dir='ltr'><strong>quum</strong></span> <span class='ocrx_word' id='word_1_138' title='bbox 368 2597 517 2681; x_wconf 86' lang='lat' dir='ltr'><strong>Superbo</strong></span> <span class='ocrx_word' id='word_1_139' title='bbox 553 2604 713 2681; x_wconf 88' lang='lat' dir='ltr'><strong>regnante</strong></span> <span class='ocrx_word' id='word_1_140' title='bbox 741 2600 776 2661; x_wconf 91' lang='lat' dir='ltr'><strong>in</strong></span> <span class='ocrx_word' id='word_1_141' title='bbox 808 2599 940 2662; x_wconf 90' lang='lat' dir='ltr'><strong>Italiam</strong></span> <span class='ocrx_word' id='word_1_142' title='bbox 970 2600 1126 2679; x_wconf 68' lang='lat' dir='ltr'><strong>venisset</strong></span> 
     </span>
     <span class='ocr_line' id='line_1_23' title="bbox 229 2701 1126 2787; baseline -0.002 -19"><span class='ocrx_word' id='word_1_143' title='bbox 229 2705 337 2768; x_wconf 86' lang='lat' dir='ltr'><strong>tenuit</strong></span> <span class='ocrx_word' id='word_1_144' title='bbox 363 2723 523 2787; x_wconf 88' lang='lat' dir='ltr'><strong>magnam</strong></span> <span class='ocrx_word' id='word_1_145' title='bbox 552 2701 645 2764; x_wconf 92' lang='lat' dir='ltr'><strong>illam</strong></span> <span class='ocrx_word' id='word_1_146' title='bbox 671 2703 843 2765; x_wconf 88' lang='lat' dir='ltr'><strong>Graeciam</strong></span> <span class='ocrx_word' id='word_1_147' title='bbox 867 2725 972 2786; x_wconf 90' lang='lat' dir='ltr'><strong>quum</strong></span> <span class='ocrx_word' id='word_1_148' title='bbox 999 2705 1126 2766; x_wconf 90' lang='lat' dir='ltr'><strong>honore</strong></span> 
     </span>
     <span class='ocr_line' id='line_1_24' title="bbox 231 2806 1126 2891; baseline 0 -20"><span class='ocrx_word' id='word_1_149' title='bbox 231 2813 265 2871; x_wconf 91' lang='lat' dir='ltr'><strong>et</strong></span> <span class='ocrx_word' id='word_1_150' title='bbox 286 2806 468 2891; x_wconf 83' lang='lat' dir='ltr'><strong>disciplina,</strong></span> <span class='ocrx_word' id='word_1_151' title='bbox 490 2813 563 2869; x_wconf 91' lang='lat' dir='ltr'><strong>tum</strong></span> <span class='ocrx_word' id='word_1_152' title='bbox 586 2807 688 2869; x_wconf 90' lang='lat' dir='ltr'><strong>etiam</strong></span> <span class='ocrx_word' id='word_1_153' title='bbox 711 2808 924 2886; x_wconf 87' lang='lat' dir='ltr'><strong>auctoritate;</strong></span> <span class='ocrx_word' id='word_1_154' title='bbox 949 2807 1126 2890; x_wconf 88' lang='lat' dir='ltr'><strong>multaque</strong></span> 
     </span>
     <span class='ocr_line' id='line_1_25' title="bbox 230 2910 1125 2996; baseline 0.001 -21"><span class='ocrx_word' id='word_1_155' title='bbox 230 2912 362 2976; x_wconf 87' lang='lat' dir='ltr'><strong>saecula</strong></span> <span class='ocrx_word' id='word_1_156' title='bbox 377 2918 493 2995; x_wconf 89' lang='lat' dir='ltr'><strong>postea</strong></span> <span class='ocrx_word' id='word_1_157' title='bbox 509 2912 555 2974; x_wconf 93' lang='lat' dir='ltr'><strong>sic</strong></span> <span class='ocrx_word' id='word_1_158' title='bbox 570 2912 677 2995; x_wconf 88' lang='lat' dir='ltr'><strong>viguit</strong></span> <span class='ocrx_word' id='word_1_159' title='bbox 693 2910 974 2996; x_wconf 85' lang='lat' dir='ltr'><strong>Pythagoreorum</strong></span> <span class='ocrx_word' id='word_1_160' title='bbox 989 2933 1125 2992; x_wconf 91' lang='lat' dir='ltr'><strong>nomen,</strong></span> 
     </span>
     <span class='ocr_line' id='line_1_26' title="bbox 231 3015 748 3080; baseline -0.002 -1"><span class='ocrx_word' id='word_1_161' title='bbox 231 3021 270 3079; x_wconf 91' lang='lat' dir='ltr'><strong>ut</strong></span> <span class='ocrx_word' id='word_1_162' title='bbox 284 3016 365 3079; x_wconf 91' lang='lat' dir='ltr'><strong>nulli</strong></span> <span class='ocrx_word' id='word_1_163' title='bbox 380 3016 436 3079; x_wconf 88' lang='lat' dir='ltr'><strong>alii</strong></span> <span class='ocrx_word' id='word_1_164' title='bbox 451 3017 540 3080; x_wconf 91' lang='lat' dir='ltr'><strong>docti</strong></span> <span class='ocrx_word' id='word_1_165' title='bbox 555 3015 748 3079; x_wconf 90' lang='lat' dir='ltr'><strong>viderentur.</strong></span> 
     </span>
    </p>

    <p class='ocr_par' dir='ltr' id='par_1_6' title="bbox 230 3119 1127 3624">
     <span class='ocr_line' id='line_1_27' title="bbox 276 3119 1127 3201; baseline 0.002 -18"><span class='ocrx_word' id='word_1_166' title='bbox 276 3119 388 3184; x_wconf 87' lang='lat' dir='ltr'><strong>XVII.</strong></span> <span class='ocrx_word' id='word_1_167' title='bbox 414 3119 481 3183; x_wconf 84' lang='lat' dir='ltr'><strong>Sed</strong></span> <span class='ocrx_word' id='word_1_168' title='bbox 502 3120 599 3183; x_wconf 88' lang='lat' dir='ltr'><strong>redeo</strong></span> <span class='ocrx_word' id='word_1_169' title='bbox 615 3119 659 3182; x_wconf 92' lang='lat' dir='ltr'><strong>ad</strong></span> <span class='ocrx_word' id='word_1_170' title='bbox 674 3121 836 3201; x_wconf 88' lang='lat' dir='ltr'><strong>antiquos.</strong></span> <span class='ocrx_word' id='word_1_171' title='bbox 882 3119 1060 3185; x_wconf 85' lang='lat' dir='ltr'><strong>Rationem</strong></span> <span class='ocrx_word' id='word_1_172' title='bbox 1075 3121 1127 3185; x_wconf 92' lang='lat' dir='ltr'><strong>illi</strong></span> 
     </span>
     <span class='ocr_line' id='line_1_28' title="bbox 231 3223 1126 3307; baseline 0.001 -18"><span class='ocrx_word' id='word_1_173' title='bbox 231 3225 413 3290; x_wconf 87' lang='lat' dir='ltr'><strong>sententiae</strong></span> <span class='ocrx_word' id='word_1_174' title='bbox 443 3246 523 3288; x_wconf 90' lang='lat' dir='ltr'><strong>suae</strong></span> <span class='ocrx_word' id='word_1_175' title='bbox 549 3245 616 3286; x_wconf 92' lang='lat' dir='ltr'><strong>non</strong></span> <span class='ocrx_word' id='word_1_176' title='bbox 646 3223 711 3287; x_wconf 89' lang='lat' dir='ltr'><strong>fere</strong></span> <span class='ocrx_word' id='word_1_177' title='bbox 740 3225 928 3304; x_wconf 82' lang='lat' dir='ltr'><strong>reddebant,</strong></span> <span class='ocrx_word' id='word_1_178' title='bbox 953 3227 1016 3288; x_wconf 85' lang='lat' dir='ltr'><strong>nisi</strong></span> <span class='ocrx_word' id='word_1_179' title='bbox 1041 3227 1126 3307; x_wconf 89' lang='lat' dir='ltr'><strong>quid</strong></span> 
     </span>
     <span class='ocr_line' id='line_1_29' title="bbox 230 3328 1126 3414; baseline 0 -20"><span class='ocrx_word' id='word_1_180' title='bbox 230 3335 300 3394; x_wconf 87' lang='lat' dir='ltr'><strong>erat</strong></span> <span class='ocrx_word' id='word_1_181' title='bbox 323 3330 466 3392; x_wconf 88' lang='lat' dir='ltr'><strong>numeris</strong></span> <span class='ocrx_word' id='word_1_182' title='bbox 496 3333 555 3392; x_wconf 86' lang='lat' dir='ltr'><strong>aut</strong></span> <span class='ocrx_word' id='word_1_183' title='bbox 580 3328 853 3412; x_wconf 87' lang='lat' dir='ltr'><strong>descriptionibus</strong></span> <span class='ocrx_word' id='word_1_184' title='bbox 879 3330 1126 3414; x_wconf 89' lang='lat' dir='ltr'><strong>explicandum.</strong></span> 
     </span>
     <span class='ocr_line' id='line_1_30' title="bbox 230 3430 1126 3518; baseline 0.001 -20"><span class='ocrx_word' id='word_1_185' title='bbox 230 3435 281 3498; x_wconf 84' lang='lat'><strong>39.</strong></span> <span class='ocrx_word' id='word_1_186' title='bbox 304 3433 477 3498; x_wconf 89' lang='lat' dir='ltr'><strong>Platonem</strong></span> <span class='ocrx_word' id='word_1_187' title='bbox 500 3430 616 3511; x_wconf 90' lang='lat' dir='ltr'><strong>ferunt,</strong></span> <span class='ocrx_word' id='word_1_188' title='bbox 636 3439 676 3496; x_wconf 90' lang='lat' dir='ltr'><strong>ut</strong></span> <span class='ocrx_word' id='word_1_189' title='bbox 700 3432 923 3518; x_wconf 87' lang='lat' dir='ltr'><strong>Pythagoreos</strong></span> <span class='ocrx_word' id='word_1_190' title='bbox 945 3456 1126 3518; x_wconf 88' lang='lat' dir='ltr'><strong>cognosce·</strong></span> 
     </span>
     <span class='ocr_line' id='line_1_31' title="bbox 230 3536 1127 3624; baseline 0.003 -21"><span class='ocrx_word' id='word_1_191' title='bbox 230 3545 287 3619; x_wconf 69' lang='lat' dir='ltr'><strong>ret,</strong></span> <span class='ocrx_word' id='word_1_192' title='bbox 308 3539 344 3602; x_wconf 91' lang='lat' dir='ltr'><strong>in</strong></span> <span class='ocrx_word' id='word_1_193' title='bbox 372 3536 504 3601; x_wconf 86' lang='lat' dir='ltr'><strong>Italiam</strong></span> <span class='ocrx_word' id='word_1_194' title='bbox 527 3538 665 3618; x_wconf 88' lang='lat' dir='ltr'><strong>venisse,</strong></span> <span class='ocrx_word' id='word_1_195' title='bbox 680 3543 714 3602; x_wconf 89' lang='lat' dir='ltr'><strong>et</strong></span> <span class='ocrx_word' id='word_1_196' title='bbox 736 3537 888 3602; x_wconf 85' lang='lat' dir='ltr'><strong>didicisse</strong></span> <span class='ocrx_word' id='word_1_197' title='bbox 914 3537 1127 3624; x_wconf 77' lang='lat' dir='ltr'><strong>Pythagoreo</strong></span> 
     </span>
    </p>
   </div>
   <div class='ocr_carea' id='block_1_6' title="bbox 0 0 1242 4092">
    <p class='ocr_par' dir='ltr' id='par_1_7' title="bbox 0 0 1242 4092">
     <span class='ocr_line' id='line_1_32' title="bbox 0 0 1242 4092; baseline 0 1"><span class='ocrx_word' id='word_1_198' title='bbox 0 0 1242 4092; x_wconf 95' lang='lat' dir='ltr'><strong> </strong></span> 
     </span>
    </p>
   </div>
  </div>
 </body>
</html>
