2475 4092
386 366 485 410 uranu
507 366 530 410 1.
575 367 645 410 ose.
667 367 751 410 xxu.
983 345 1027 410 27

133 541 272 603 mosque
287 520 384 602 quasi
407 520 515 604 capite
530 519 708 584 damnatos
732 524 837 585 morte
862 519 1027 584 multant:

132 648 240 709 neque
265 625 356 690 aliud
381 630 433 689 est
458 625 651 708 quidquam,
673 648 730 689 eur
753 625 950 690 incredibilis
977 625 1027 690 his

133 732 320 794 animorum
342 731 491 794 videatur
513 731 698 810 aeternitas,
713 731 778 794 nisi
791 730 881 813 quod
906 750 1027 812 neque·

133 839 203 913 unt,
218 834 325 916 qualis
341 835 474 897 animus
490 833 533 896 sit
547 855 670 896 vacans
691 855 832 918 corpore,
846 831 1027 918 intelligere

133 944 167 1001 et
192 939 392 1024 cogitatione
414 938 697 1022 comprehendere.
756 936 864 1015 Quasi
883 957 959 1000 vero
978 937 1027 1000 in·

131 1043 292 1128 telligant,
307 1043 413 1126 qualis
429 1044 521 1107 sitin
542 1043 615 1127 ipso
637 1064 778 1127 corpore,
792 1063 878 1125 quae
902 1040 1027 1104 eonfor-

132 1149 247 1226 matio,
271 1169 356 1230 quae
383 1147 590 1232 magnitudo,
612 1147 671 1229 qui
695 1146 805 1225 locus3
826 1152 874 1225 ut,
901 1146 930 1208 si
955 1145 1027 1228 jam

131 1257 267 1337 possent
280 1253 316 1315 in
332 1253 465 1315 homine
481 1252 555 1314 vivo
579 1251 665 1316 cerni
694 1250 816 1328 omnia,
831 1270 917 1332 qnae
937 1271 1027 1314 nunc

131 1363 220 1420 tecta
249 1362 336 1436 sunt,
362 1377 542 1420 casurusne
570 1356 606 1418 in
636 1361 851 1440 conspectum
876 1353 1027 1417 videatur

130 1463 273 1541 animus,
300 1483 344 1525 an
373 1467 469 1524 tanta
498 1462 542 1525 sit
572 1461 643 1545 ejus
672 1461 827 1538 tenuitas,
852 1464 891 1523 ut
919 1458 1028 1544 fngiat

131 1569 246 1650 aciem.
290 1567 342 1631 51.
367 1567 460 1631 Haec
480 1571 634 1652 reputent
655 1567 720 1645 isti,
736 1566 793 1649 qui
809 1570 942 1650 negant,
955 1564 1026 1628 ani·

130 1693 225 1736 mum
255 1672 325 1736 sine
355 1693 488 1757 corpore
517 1693 552 1734 se
581 1671 762 1755 intelligere
792 1691 906 1754 posse:
937 1669 1026 1732 vidc-

130 1778 224 1855 bunt,
248 1797 348 1859 quem
372 1778 407 1839 in
431 1777 505 1860 ipso
532 1796 664 1860 corpore
689 1774 883 1858 intelligant.
940 1772 1026 1836 Mihi

131 1879 275 1963 quidem,
291 1886 444 1943 naturam
460 1880 561 1943 animi
578 1878 730 1956 intuenti,
746 1877 851 1941 multo
866 1874 1027 1940 difficilior

132 1985 271 2047 occurrit
285 1985 443 2069 cogitatio
458 1985 630 2067 multoque
645 1983 818 2061 obscurior,
833 1981 940 2065 qualis
956 1981 1026 2046 ani·

130 2109 207 2152 mus
236 2090 271 2152 in
302 2110 433 2173 corpore
464 2089 516 2168 sit,
541 2094 715 2171 tamquam
745 2087 871 2151 alienae
900 2075 1035 2174 domiti,-

130 2215 233 2276 quam
248 2193 365 2276 qualis,
380 2214 485 2276 quum
506 2194 618 2257 exierit
633 2194 715 2256 etin
735 2192 873 2256 liberum
894 2191 1025 2256 caelum

128 2301 226 2382 quasi
252 2299 391 2362 domum
414 2319 510 2362 suam
530 2299 663 2361 venerit.
715 2298 790 2362 Nisi
814 2298 913 2376 enirn,
935 2295 1026 2380 quod

130 2401 302 2487 nunquam
325 2403 479 2482 vidimus,
501 2403 536 2466 id
556 2402 655 2486 quale
680 2404 731 2482 sit,
755 2402 935 2487 intelligere
956 2421 1023 2465 nou

129 2528 322 2594 possumus3
345 2514 439 2586 certe,
452 2515 486 2571 et
497 2508 598 2571 deum
614 2509 734 2593 ipsum,
746 2514 780 2571 et
794 2507 944 2571 divinum
956 2506 1024 2569 ani-

128 2634 234 2692 mum,
256 2634 388 2698 corpore
414 2613 598 2692 liberatum,
620 2613 822 2697 cogitatione
850 2611 1026 2695 complecti

130 2739 317 2802 possumus.
362 2717 584 2781 Dicaearchus
599 2717 734 2799 quidem
750 2723 785 2779 et
802 2716 1025 2794 Aristoxenus,

129 2822 209 2904 quia
232 2821 373 2886 difficilis
398 2827 467 2885 erat
491 2823 604 2901 animi,
623 2821 704 2904 quid
724 2825 783 2884 aut
804 2819 911 2902 qualis
929 2824 1025 2898 esset,

130 2925 357 3011 intelligentia,
373 2927 501 2990 nullum
516 2927 655 2990 omnino
677 2927 828 2989 animum
850 2945 922 2988 esse
936 2923 1024 2988 dixe-
1051 2989 1055 2997 ,

129 3036 214 3094 runt.

172 3136 224 3199 52.
249 3135 313 3199 Est
342 3134 426 3199 illud
451 3136 585 3220 quidem
612 3134 665 3199 vel
691 3136 885 3213 maximum,
908 3134 1024 3198 auimo

129 3240 202 3325 ipso
229 3239 380 3304 animum
409 3240 535 3304 videre:
569 3246 603 3303 et
629 3241 792 3330 nimirum!
811 3240 896 3304 hanc
924 3240 1025 3302 habet

128 3347 197 3409 vim
227 3350 439 3430 praeceptum
471 3345 644 3430 Apollinis,
675 3366 742 3427 quo
772 3349 894 3423 monet,
921 3348 960 3406 ut
988 3362 1024 3406 se

128 3450 269 3533 quisque
294 3455 419 3512 noscat.
465 3450 542 3513 Non
565 3450 665 3527 enim,
680 3448 785 3528 credo,
800 3449 836 3512 id
857 3446 1023 3532 praecipit,

130 3558 169 3618 ut
191 3555 339 3618 membra
361 3560 472 3618 nostra
495 3559 555 3618 aut
577 3559 737 3618 staturam
760 3552 941 3639 figuramve
966 3571 1024 3614 no·
