2475 4092
218 311 262 376 64
391 334 653 378 ruscummnun
677 335 948 378 msrumrronuu

264 485 389 550 XLIX
414 485 618 550 Harmodius
639 487 673 551 in
696 508 760 567 ore,
775 494 810 552 et
834 489 1031 574 Aristogibo,
1057 488 1131 552 La·

217 591 452 655 oedaemonius
470 591 646 671 Leonidas,
665 592 845 656 Thebanus
862 592 1130 677 Epaminondas

215 697 315 782 viget
370 696 508 760 Nostros
538 717 604 760 non
636 703 774 777 norunt;
807 719 892 780 quos
922 719 1127 762 enumerare

216 821 379 886 magnum
404 806 475 881 est;
503 801 552 864 ita
576 807 655 865 sunt
680 801 787 880 multi,
814 803 934 884 quibus
962 802 1125 866 videmus

216 906 378 989 optabiles
394 910 516 968 mortes
529 903 631 968 fuisso
647 927 724 969 oum
740 906 852 991 gloria.

260 1010 332 1074 117.
358 1009 458 1088 Quae
484 1030 590 1092 quum
611 1010 660 1073 ita
683 1011 758 1088 sint,
773 1031 898 1096 magna
918 1017 1036 1076 tamen
1052 1011 1124 1076 elo·

215 1116 353 1197 quentia
369 1120 420 1176 est
439 1113 613 1192 utendum,
629 1119 729 1196 atque
744 1114 794 1177 ita
808 1114 899 1178 velut
913 1117 1088 1200 superiore
1104 1138 1123 1180 e

214 1217 288 1295 loeo
299 1216 576 1295 oonoionandum,
588 1223 627 1279 ut
640 1217 790 1280 homines
802 1224 941 1280 mortem
955 1219 1008 1281 vel
1022 1226 1122 1304 opta·
1212 1235 1213 1248 ¹

214 1345 249 1387 re
278 1324 449 1407 incipiant,
474 1321 524 1386 vel
551 1329 636 1384 certe
659 1323 775 1385 timere
805 1321 975 1386 desistant
1024 1325 1122 1389 Nam

213 1429 242 1492 si
272 1449 446 1512 supremus
474 1426 530 1490 ille
559 1425 630 1489 dies
660 1447 727 1490 non
758 1427 1024 1507 exstinctionem,
1056 1431 1121 1493 sed

212 1533 510 1599 commutationem
526 1529 619 1594 affert
641 1531 713 1612 loci,
729 1531 809 1614 quid
832 1532 1038 1617 optabilius?
1063 1535 1120 1598 siu

212 1644 327 1702 autem
351 1637 483 1722 perimit
512 1657 551 1699 ao
581 1635 669 1698 delet
695 1636 843 1714 omnino,
868 1637 950 1719 quid
980 1636 1119 1718 melius,

211 1764 314 1826 quam
329 1743 364 1805 in
380 1740 498 1805 mediis
512 1741 600 1803 vitae
623 1739 788 1803 laboribus
813 1741 1064 1821 obdormiscere,
1083 1751 1120 1807 et

210 1849 260 1913 ita
289 1847 520 1910 conniventem
550 1864 669 1906 somno
695 1844 859 1927 consopiri
884 1847 1118 1928 sempiterno?

213 1951 317 2031 Quod
332 1951 361 2014 si
376 1949 445 2028 fiat,
461 1948 575 2014 melior
591 1947 702 2026 Ennii,
717 1968 821 2030 quam
847 1948 979 2013 Solonis
995 1953 1116 2016 oratio.

213 2055 279 2119 Hio
294 2056 384 2118 enim
400 2059 518 2132 noster,

294 2176 376 2230 Neara
387 2192 427 2227 me
438 2174 558 2226 lacrumis
569 2173 674 2238 decoret,
687 2171 779 2240 inquit,
791 2189 836 2226 nec
839 2172 941 2244 funera
943 2175 1010 2242 fletu

330 2261 426 2315 Furit!

210 2368 258 2431 At
271 2387 347 2430 vero
363 2366 416 2430 ille
432 2367 572 2451 sapiens,

313 2488 388 2542 Mors
398 2504 453 2539 meu
465 2505 495 2540 ne
507 2496 589 2540 cureat
602 2488 740 2550 loommin
757 2488 902 2559 linquamus
913 2489 1000 2542 amicis

347 2576 501 2639 Maerorem,
513 2583 542 2627 ut
554 2574 671 2626 celebrent
675 2573 777 2643 funera
788 2593 844 2628 urm
854 2579 963 2646 garnita.

250 2682 323 2748 118.
348 2682 419 2746 Nos
435 2701 520 2759 vero,
536 2679 660 2762 siquid
682 2680 747 2743 tale
772 2681 935 2761 acciderit,
951 2689 1024 2745 uta
1040 2681 1107 2748 deo

205 2788 440 2853 denuntiatum
463 2786 622 2864 videatur,
640 2791 678 2848 ut
701 2806 858 2850 exeamus
882 2807 899 2848 e
922 2789 1000 2866 vita,
1023 2787 1106 2852 laeti

204 2901 239 2958 et
265 2900 401 2978 agentes
431 2891 553 2978 gratias
583 2911 768 2974 pareamus,
792 2893 964 2975 emittique
995 2915 1056 2956 nos
1085 2916 1104 2958 e

204 2999 357 3064 custodia
382 3003 417 3061 et
438 2997 539 3061 levari
561 2995 676 3059 vinclis
703 2993 904 3074 arbitremur,
920 3004 958 3061 ut
983 3004 1043 3061 aut
1065 2999 1103 3064 in

203 3109 372 3167 aeternam
388 3106 422 3164 et
436 3101 533 3187 plane
557 3100 591 3163 in
616 3106 765 3164 nostram
785 3101 925 3165 domum
949 3103 1102 3188 remigre-

203 3229 290 3286 mus,
320 3212 379 3269 aut
408 3207 499 3270 omni
526 3226 625 3269 sensu
657 3203 876 3288 molestiaque
908 3228 1101 3290 careamus3

201 3314 252 3378 sin
278 3317 392 3375 autem
416 3310 497 3374 nihil
521 3309 779 3388 denuntiabitur,
804 3331 843 3373 eo
859 3316 972 3374 tamen
993 3312 1099 3378 simus

200 3419 325 3496 animo,
339 3423 378 3480 ut
392 3415 578 3479 horribilem
594 3414 688 3477 illum
706 3413 795 3476 diem
811 3414 893 3495 aliis,
910 3417 1004 3480 nobis
1027 3415 1099 3481 lau·

200 3530 291 3586 stum
307 3527 473 3606 putemus,
489 3519 635 3600 nihilque
658 3520 692 3582 in
709 3519 804 3583 malis
820 3519 992 3602 ducamus,
1007 3524 1098 3605 quod
