2475 4092
201 316 224 380 4
370 335 633 378 rusounnnsruu
654 333 927 377 mseursrrorrun

202 488 396 552 illustranda
411 495 445 552 et
460 487 636 551 excitanda
652 487 747 550 nobis
762 491 823 566 est,
838 492 887 567 nt7
903 486 931 549 si
947 485 1104 571 occupati

202 593 385 681 profuimus
398 593 520 677 aliquid
534 594 662 656 civibus
674 594 803 672 nostris,
813 592 977 678 prosimus
989 593 1105 668 etiarn,

203 701 231 764 si
256 720 443 784 possumus,
459 697 566 761 otiosi.
611 697 641 759 6.
666 697 704 760 ln
727 717 794 780 quo
818 717 858 759 eo
874 697 983 781 magis
1006 697 1105 759 nobis

201 809 252 867 est
267 802 514 881 elaborandum,
529 801 618 887 quod
641 800 738 864 multi
755 801 827 885 jam
850 821 921 864 esse
939 799 1013 862 libri
1036 799 1103 864 La·

200 908 263 972 tini
292 907 455 984 dicuutur,
483 906 593 990 scripti
616 904 866 984 inconsiderate,
892 906 935 967 ab
965 904 1103 988 optimis

201 1012 265 1075 illis
277 1011 412 1095 quidem
435 1011 520 1088 viria,
548 1009 603 1072 sed
628 1031 693 1072 non
718 1009 799 1071 satis
822 1008 966 1071 eruditis.
1013 1007 1102 1071 Fieri

201 1121 315 1179 autem
341 1119 457 1199 potest,
472 1120 511 1177 ut
532 1119 617 1176 recte
634 1113 709 1194 quis
733 1113 863 1190 sentiat,
884 1117 919 1174 et
943 1111 987 1190 id,
1010 1111 1103 1195 quod

201 1221 310 1298 sentit,
336 1219 437 1304 polite
461 1218 572 1300 eloqui
602 1239 671 1280 non
698 1218 820 1302 possit:
852 1217 910 1280 sed
941 1217 1101 1280 mandare

200 1344 404 1407 quemquam
433 1323 549 1386 litteris
579 1323 799 1405 cogitationes
835 1342 925 1400 suas,
954 1321 1012 1403 qui
1042 1341 1102 1383 eas

202 1450 262 1492 nec
277 1427 459 1512 disponere,
475 1448 536 1490 nec
556 1427 717 1489 illustrare
744 1426 856 1511 possit,
872 1447 933 1489 nec
960 1425 1102 1488 delecta·

200 1533 291 1596 tione
307 1532 418 1613 aliqua
434 1530 561 1594 allicere
577 1531 742 1608 lectorem,
759 1530 902 1593 hominis
917 1536 968 1594 est
981 1530 1100 1592 intem-

200 1641 350 1722 peranter
380 1636 549 1698 abutentis
580 1641 613 1698 et
637 1636 707 1697 otio
738 1641 771 1697 et
796 1633 921 1697 litteris.
983 1635 1101 1716 Itaque

199 1763 277 1806 suos
292 1740 390 1803 libros
413 1741 476 1824 ipsi
503 1739 619 1824 legunt
637 1761 715 1802 cum
739 1740 818 1818 suis,
834 1759 894 1802 nec
920 1739 1100 1821 quisquam

199 1847 342 1931 attingit,
359 1851 484 1930 praeter
509 1865 574 1922 eos,
591 1844 649 1925 qui
671 1843 813 1907 eandem
832 1844 1001 1907 licentiam
1025 1845 1101 1906 scri·

200 1951 298 2015 bendi
322 1951 385 2013 sibi
415 1949 560 2034 permitti
590 1947 714 2010 volunt
773 1945 885 2024 Quare
915 1948 943 2010 si
973 1947 1100 2031 aliquid

199 2057 359 2120 oratoriae
374 2054 482 2118 laudis
499 2060 611 2116 nostra
634 2052 808 2116 attulimus
829 2051 1000 2130 industria,
1015 2053 1100 2117 mul·

198 2167 234 2224 to
262 2158 442 2221 studiosius
469 2156 697 2241 philosophiae
723 2155 832 2220 sontes
859 2157 1056 2240 aperiemus,
1080 2177 1099 2218 e

199 2265 321 2347 quibus
337 2263 439 2325 etiam
455 2261 512 2324 illa
528 2262 719 2323 manabant

244 2367 304 2432 IV.
349 2368 378 2429 7.
405 2365 471 2430 Sed
494 2370 534 2427 ut
558 2365 761 2442 Aristoteles,
782 2365 831 2427 vir
853 2386 986 2429 summo
1008 2367 1099 2451 inge-

199 2474 265 2553 ni0‚
282 2472 429 2549 scientia,
444 2471 549 2554 copia,
571 2491 678 2551 quum
703 2476 813 2532 motus
833 2477 921 2533 esset
946 2471 1099 2534 Isocratis

197 2579 333 2642 rhetoris
350 2576 462 2662 gloria,
478 2575 584 2638 dicere
608 2575 710 2636 etiam
736 2575 845 2658 coepit
871 2574 1099 2639 adolescentes

198 2685 322 2760 docere,
343 2688 378 2743 et
400 2678 608 2764 prudentiam
633 2699 710 2740 cum
733 2677 924 2759 eloquentia
942 2680 1099 2764 jungere:

198 2790 246 2852 sic
271 2788 366 2849 nobis
387 2784 496 2869 placet
511 2804 571 2846 nec
595 2784 769 2867 pristinum
793 2782 924 2845 dicendi
948 2783 1099 2847 studium

198 2892 360 2975 deponere
384 2894 418 2951 et
437 2889 470 2951 in
493 2888 555 2950 hac
578 2887 701 2970 majore
724 2892 757 2948 et
779 2886 926 2949 uberiore
946 2892 1015 2949 arte
1030 2908 1098 2950 ver·

199 2996 272 3059 sari.
319 2992 416 3056 Hanc
431 2993 520 3055 enim
544 2989 723 3076 perlectam
748 2989 992 3075 philosophiam
1014 3013 1099 3055 sem·

198 3120 255 3185 per
288 3096 443 3181 judicavi,
473 3116 559 3178 quae
590 3093 631 3156 de
661 3095 816 3156 maximis
845 3095 1098 3175 quaestionibus

197 3203 330 3288 copiose
346 3206 459 3285 posset
474 3205 654 3280 ornateque
671 3197 786 3260 dicere.
832 3197 869 3260 In
893 3219 996 3279 quam
1010 3220 1099 3261 exer·

197 3308 390 3373 citationem
420 3305 468 3365 ita
498 3324 559 3365 nos
590 3301 737 3364 studiose
767 3300 929 3379 dedimus,
961 3308 999 3365 ut
1025 3303 1098 3386 jam

198 3414 301 3476 etiam
326 3408 456 3472 scholas
475 3406 679 3473 Graecorum
706 3425 795 3466 more
819 3405 936 3467 habere
962 3406 1097 3470 audere·

198 3537 291 3580 mus:
314 3519 353 3577 ut
368 3533 472 3596 nuper
497 3517 595 3574 tuum
611 3514 687 3592 post
710 3508 891 3572 discessum
913 3511 947 3574 in
970 3511 1098 3577 Tuscu·
