2475 4092
201 289 244 356 28
375 307 637 352 ruseuunnnnuu
660 307 938 354 nrsrurnrronuu

201 483 345 528 scamna.
390 463 508 545 Neque
532 483 593 526 nos
615 481 751 545 corpora
773 483 912 526 sumus:
945 485 1010 528 nec
1040 487 1125 552 ego,

201 568 266 632 tibi
282 567 362 630 haec
375 566 498 644 dicem,
509 566 635 649 corpori
649 571 709 628 tuo
724 564 810 628 dico.
859 566 982 644 Quum
998 571 1125 654 igitur,

200 689 298 738 nosce
314 678 353 749 te,
365 669 452 748 dicit,
464 670 525 732 hoc
537 669 626 747 dicit,
636 689 730 732 nosce
742 670 883 733 animum
898 679 1007 736 tuum.-
1032 695 1123 737 nam

202 794 323 857 corpus
337 771 471 855 quidem
497 771 590 853 quasi
610 790 669 834 vas
685 777 736 833 est
761 778 823 834 aut
847 771 985 855 aliquod
1003 777 1123 841 animi

201 875 468 961 receptaculum:
500 877 543 937 ab
570 875 684 937 animo
713 879 773 937 tuo
797 875 964 959 quidquid
989 881 1121 963 agitur,

203 981 239 1046 id
255 979 363 1064 agitur
379 999 399 1041 a
414 983 455 1040 te.
501 976 601 1040 Hunc
616 978 716 1061 igitur
738 998 838 1040 nosse
862 979 930 1042 nisi
953 981 1121 1047 divinum

205 1090 302 1162 esset,
327 1104 395 1146 non
425 1087 511 1144 esset
539 1080 601 1144 hoc
631 1081 762 1144 acrioris
792 1082 971 1165 cujusdam
1002 1088 1121 1152 animi

205 1193 426 1276 praeceptum,
443 1186 489 1248 sic
503 1190 542 1247 ut
556 1185 718 1248 tributum
736 1183 800 1247 deo
816 1187 869 1248 sit

249 1290 301 1352 53.
327 1289 394 1353 Sed
409 1290 446 1368 sl,
460 1288 567 1371 qualis
583 1289 782 1366 siraninus,
797 1289 869 1373 ipse
892 1293 1031 1357 animus
1056 1317 1119 1360 ne·

206 1398 305 1462 sciet:
326 1394 387 1474 dic,
401 1414 533 1478 quaeso,
549 1413 590 1455 ne
616 1414 687 1455 esse
711 1393 848 1475 quidem
872 1417 909 1458 se
932 1399 1044 1462 sciet?
1068 1423 1119 1464 ne

206 1501 331 1567 moveri
354 1499 487 1583 quidem
514 1497 571 1561 sel
603 1519 643 1559 ex
668 1518 736 1579 quo
758 1497 815 1561 illa
838 1502 923 1564 ratio
948 1509 1033 1566 nata
1059 1512 1119 1570 est

209 1606 365 1684 Platonis,
385 1625 471 1688 quae
495 1625 515 1666 a
538 1601 673 1666 Socrate
693 1608 745 1665 est
767 1603 801 1665 in
830 1603 981 1669 Phaedro
1005 1610 1116 1694 expli.

207 1717 292 1790 cata,
319 1731 340 1774 a
365 1731 419 1772 me
443 1713 556 1772 autem
579 1707 689 1791 posita
709 1711 760 1768 est
782 1707 818 1770 in
841 1715 936 1773 sexto
958 1711 1044 1776 libro
1066 1715 1115 1778 de

208 1818 257 1884 Re
273 1815 423 1901 publicar

213 1971 219 1984 .
251 1920 380 1986 XXIII.
410 1917 547 1997 “Quod
577 1937 705 2002 semper
740 1924 900 1998 movetur,
930 1926 1113 1990 aeteruum

207 2031 277 2090 est:
298 2024 391 2109 quod
414 2030 526 2086 autem
551 2026 681 2084 motum
702 2020 794 2084 affert
812 2023 920 2103 alicui,
945 2027 1113 2112 quodque

207 2133 319 2216 ipsum
349 2129 492 2212 agitatur
521 2126 683 2204 alicunde,
709 2127 845 2209 quando
873 2126 976 2192 finem
1003 2132 1113 2198 habet

208 2241 329 2313 motus,
351 2232 480 2296 vivendi
504 2230 604 2295 finem
629 2232 750 2295 habeat
770 2254 903 2296 necesse
925 2242 985 2298 est
1043 2237 1110 2303 So-

207 2342 278 2406 lum
306 2340 407 2426 igitur
435 2338 525 2422 quod
554 2358 588 2400 se
617 2337 727 2422 ipsum
757 2345 878 2418 movet,
908 2342 988 2423 quia
1018 2365 1109 2409 nun-

207 2467 309 2532 quam
337 2444 494 2507 deseritur
518 2465 537 2506 a
560 2463 604 2520 se,
623 2463 792 2524 nunquam
819 2465 861 2506 ne
882 2448 1007 2510 moveri
1031 2452 1107 2532 qui.

207 2554 283 2619 dem
298 2551 427 2630 desinit,
442 2550 522 2633 quin
545 2549 646 2612 etiam
668 2548 792 2627 ceteriS,
807 2570 893 2631 quae
915 2561 1107 2637 moventur,

207 2661 259 2726 hic
273 2658 357 2740 sons,
373 2657 435 2721 hoc
457 2654 654 2742 principium
670 2659 721 2716 est
734 2655 898 2718 movendi.
945 2656 1106 2745 Principii

207 2773 319 2830 autem
348 2763 441 2829 nulla
467 2766 517 2825 est
543 2761 643 2846 origo·
701 2759 753 2822 54.
785 2759 873 2823 Nam
900 2764 1105 2849 eprincipio

206 2872 354 2935 oriuntur
377 2868 508 2934 omnia:
531 2868 642 2951 ipsum
667 2871 780 2928 autem
804 2864 896 2927 nulla
914 2886 953 2928 ex
976 2888 1010 2930 re
1033 2869 1106 2934 alia

205 2979 297 3043 nasei
311 2982 438 3064 potest:
461 2997 522 3039 nec
537 2973 627 3038 enim
642 2978 728 3035 esset
742 2971 776 3032 id
792 2971 997 3055 principium,
1009 2975 1105 3055 quod

205 3085 392 3171 gigneretur
416 3083 557 3148 aliunde.
614 3077 716 3158 Quod
740 3076 768 3140 si
790 3097 962 3159 nunquam
989 3079 1104 3161 oritur,

204 3214 247 3258 ne
271 3193 390 3258 occidit
416 3191 551 3277 quidem
571 3207 730 3271 unquam.
785 3184 874 3246 Nam
900 3183 1103 3267 principium

206 3301 404 3364 exstinctum
426 3319 486 3362 nec
501 3299 610 3380 ipsum
633 3297 675 3356 ab
691 3292 756 3354 alio
771 3295 967 3367 renascetur,
983 3310 1044 3352 nec
1058 3312 1103 3354 ex

207 3427 241 3468 se
256 3405 348 3469 aliud
363 3403 496 3480 creabit,
512 3399 674 3482 siquidem
689 3415 822 3460 necesse
838 3400 889 3456 est
903 3415 925 3456 a
939 3393 1103 3478 principio

208 3512 281 3573 oriri
304 3510 426 3574 omnia.
473 3505 524 3568 Ita
538 3501 585 3581 fit,
600 3510 639 3567 ut
652 3508 765 3566 motus
787 3498 984 3584 principium
1000 3518 1041 3560 ex
1058 3520 1103 3564 eo
