2475 4092
230 347 275 414 42
397 368 661 414 rosoomnnauu
682 369 955 415 nrsrursrrouuu

232 521 280 589 M.
311 521 404 587 Bene
425 525 654 608 reprehendis:
676 531 711 589 et
736 545 771 590 se
791 526 857 591 isto
877 524 980 590 ruodo
1001 545 1062 589 res
1089 523 1154 589 ha·

231 628 296 691 bet

274 733 326 798 79.
352 733 536 798 Credamus
558 735 661 820 igitur
677 733 849 814 Panaetio,
865 755 887 799 a
910 732 1056 798 Platone
1080 753 1150 796 suo

231 835 465 903 dissentienti?
513 837 625 916 Quem
649 840 740 902 enim
765 839 921 904 omnibus
946 837 1030 902 loeis
1057 837 1148 900 divi·

231 962 324 1021 num,
335 965 435 1027 quern
449 943 744 1028 sapientissimum,
756 963 857 1027 quem
873 941 1147 1020 sanctissimum,

230 1065 331 1130 quem
361 1046 546 1112 Homerum
567 1047 837 1132 philosophorum
861 1046 1017 1132 appellat,
1034 1047 1145 1131 hujus

231 1149 318 1215 hano
334 1173 438 1214 unam
458 1153 661 1216 sententiam
675 1152 717 1216 de
732 1151 982 1216 immortalitate
1004 1152 1143 1215 animo·

230 1275 305 1320 rum
321 1277 388 1318 non
405 1257 529 1340 probat
576 1255 661 1320 Vult
675 1257 776 1336 enim,
790 1257 882 1340 quod
899 1275 999 1320 nemo
1022 1261 1143 1340 negat,

230 1358 392 1443 quidquid
417 1366 534 1424 natum
558 1361 610 1440 sit,
630 1362 781 1442 interire3
804 1361 898 1426 nasci
923 1366 1039 1424 autem
1068 1361 1143 1424 ani·

229 1484 314 1545 mos,
339 1463 430 1548 quod
456 1464 598 1528 declaret
622 1487 737 1530 eorum
763 1466 957 1545 similitudo,
977 1465 1037 1547 qui
1065 1487 1143 1551 pro·

230 1574 390 1648 creentur,
411 1591 498 1651 quae
521 1570 625 1634 etiam
648 1571 684 1633 in
704 1571 858 1655 ingeniis,
873 1590 940 1634 non
965 1569 1081 1634 solum
1102 1571 1142 1635 in

231 1673 421 1758 eorporibus
437 1680 604 1758 appareat
651 1674 799 1739 Alteram
818 1679 933 1738 autem
948 1673 1044 1738 affert
1059 1675 1140 1738 rati·

230 1797 349 1842 ouem:
373 1777 454 1841 nihil
478 1799 559 1856 esse,
575 1778 667 1860 quod
690 1778 810 1859 doleat,
828 1780 909 1862 quin
932 1778 968 1842 id
993 1799 1140 1864 aegrum

231 1903 305 1947 esse
335 1903 468 1967 quoque
499 1883 625 1966 possit3
658 1883 750 1965 quod
778 1890 893 1947 autem
916 1883 951 1946 in
977 1885 1141 1948 morbum

230 1987 339 2066 eadat,
354 1986 389 2051 id
412 1988 514 2051 etiarn
540 1988 769 2068 interitumm3
792 1987 901 2051 dolere
921 1993 1037 2052 autem
1065 1990 1139 2053 ani·

230 2111 325 2169 mos;
348 2111 425 2174 ergo
440 2092 543 2154 etiam
558 2092 699 2155 interire.

276 2193 439 2258 XXXIII.
493 2194 544 2258 80.
579 2196 675 2259 Haec
702 2194 804 2259 refelli
833 2201 983 2282 possunt
1044 2195 1139 2260 Sunt

230 2298 320 2362 enim
336 2300 529 2383 ignorantis,
545 2322 652 2383 quum
667 2300 709 2364 de
728 2303 922 2365 aeternitate
944 2300 1137 2364 anirnomm

230 2403 368 2483 dicatur,
384 2401 552 2468 demente
574 2407 650 2486 diei,
665 2427 752 2488 quae
774 2407 867 2471 omni
884 2405 1017 2470 turbido
1037 2411 1138 2468 motu

230 2529 359 2594 semper
388 2515 494 2589 vacet,
522 2531 589 2574 non
620 2511 662 2574 de
691 2511 840 2596 pertibus
869 2511 920 2588 iis,
945 2511 981 2574 iu
1011 2510 1137 2593 quibus

229 2614 463 2701 aegritudines,
491 2614 569 2693 irae,
595 2615 815 2698 libidinesque
844 2620 1023 2692 versentur,
1048 2633 1135 2696 quas

228 2719 269 2800 is,
286 2725 401 2783 eontra
415 2739 516 2802 quern
540 2719 622 2782 haec
644 2719 808 2798 dicuntur,
823 2725 969 2783 semotas
984 2739 1005 2780 a
1021 2723 1135 2781 mente

228 2828 264 2886 et
278 2823 441 2888 disclusas
457 2829 563 2908 putat.
606 2823 684 2887 Jam
701 2823 884 2886 similitudo
906 2823 1016 2906 magis
1031 2842 1135 2906 appa·

227 2931 277 2990 ret
292 2929 326 2990 in
343 2928 466 3007 bestiis,
481 2948 622 3010 quarum
643 2928 747 2990 animi
764 2933 843 2991 sunt
862 2927 1000 2990 rationis
1023 2948 1134 3011 exper-

228 3035 301 3108 tes3
333 3031 509 3095 hominum
541 3036 656 3095 autern
687 3031 870 3095 similitudo
896 3032 931 3094 in
958 3051 1133 3116 corporum

228 3132 336 3220 figura
358 3136 467 3220 magis
492 3142 609 3215 exstat,
626 3141 659 3198 et
679 3136 744 3220 ipsi
771 3137 876 3199 animi
902 3136 1017 3220 magni
1037 3134 1133 3199 refert

229 3239 321 3324 quali
335 3240 372 3303 in
395 3261 528 3325 corpore
550 3240 651 3304 locati
674 3241 748 3303 sint.
795 3240 905 3305 Multa
926 3241 1016 3303 enim
1032 3261 1050 3302 e
1064 3260 1132 3303 eor·

228 3366 307 3432 pore
343 3345 516 3424 exsistunt,
547 3366 633 3428 quae
670 3350 794 3408 acuant
830 3351 985 3424 mentem,
1015 3342 1131 3424 muita,

170 3499 187 3523 „
229 3471 317 3535 quae
334 3449 530 3513 obtundant
577 3449 771 3513 Aristoteles
791 3450 927 3532 quidem
942 3450 999 3529 ait,
1014 3469 1131 3512 omnes

229 3555 421 3638 ingeniosos
444 3551 702 3615 melancholicos
717 3572 806 3632 esse;
827 3558 867 3616 ut
880 3574 944 3638 ego
963 3573 1017 3616 me
1032 3551 1128 3616 tardi·
