<?xml version="1.0" encoding="UTF-8"?>
<!DOCTYPE html PUBLIC "-//W3C//DTD XHTML 1.0 Transitional//EN"
    "http://www.w3.org/TR/xhtml1/DTD/xhtml1-transitional.dtd">
<html xmlns="http://www.w3.org/1999/xhtml" xml:lang="en" lang="en">
 <head>
  <title>
</title>
<meta http-equiv="Content-Type" content="text/html;charset=utf-8" />
  <meta name='ocr-system' content='tesseract 3.04.00' />
  <meta name='ocr-capabilities' content='ocr_page ocr_carea ocr_par ocr_line ocrx_word'/>
</head>
<body>
  <div class='ocr_page' id='page_1' title='image "./tusculandisputa01cicegoog_0083.png"; bbox 0 0 2475 4092; ppageno 0'>
   <div class='ocr_carea' id='block_1_1' title="bbox 354 331 1048 396">
    <p class='ocr_par' dir='ltr' id='par_1_1' title="bbox 354 331 1048 396">
     <span class='ocr_line' id='line_1_1' title="bbox 354 331 1048 396; baseline 0 -2"><span class='ocrx_word' id='word_1_1' title='bbox 354 353 455 395; x_wconf 73' lang='lat' dir='ltr'>emes</span> <span class='ocrx_word' id='word_1_2' title='bbox 476 353 497 394; x_wconf 89' lang='lat'>1.</span> <span class='ocrx_word' id='word_1_3' title='bbox 543 352 613 393; x_wconf 74' lang='lat' dir='ltr'>err.</span> <span class='ocrx_word' id='word_1_4' title='bbox 636 353 731 394; x_wconf 74' lang='lat' dir='ltr'>xsrrr.</span> <span class='ocrx_word' id='word_1_5' title='bbox 754 353 845 396; x_wconf 79' lang='lat' dir='ltr'>xmv.</span> <span class='ocrx_word' id='word_1_6' title='bbox 1005 331 1048 394; x_wconf 82' lang='lat'>57</span> 
     </span>
    </p>
   </div>
   <div class='ocr_carea' id='block_1_2' title="bbox 146 506 1049 1304">
    <p class='ocr_par' dir='ltr' id='par_1_2' title="bbox 146 506 1049 780">
     <span class='ocr_line' id='line_1_2' title="bbox 149 506 1049 591; baseline -0.003 -21"><span class='ocrx_word' id='word_1_7' title='bbox 149 506 291 585; x_wconf 67' lang='lat' dir='ltr'>animus</span> <span class='ocrx_word' id='word_1_8' title='bbox 307 507 376 569; x_wconf 91' lang='lat' dir='ltr'>sive</span> <span class='ocrx_word' id='word_1_9' title='bbox 400 506 519 591; x_wconf 87' lang='lat' dir='ltr'>vigeat.</span> <span class='ocrx_word' id='word_1_10' title='bbox 565 506 604 570; x_wconf 91' lang='lat' dir='ltr'>In</span> <span class='ocrx_word' id='word_1_11' title='bbox 628 527 761 591; x_wconf 89' lang='lat' dir='ltr'>corpore</span> <span class='ocrx_word' id='word_1_12' title='bbox 788 513 901 570; x_wconf 87' lang='lat' dir='ltr'>autem</span> <span class='ocrx_word' id='word_1_13' title='bbox 928 506 1049 590; x_wconf 89' lang='lat' dir='ltr'>perspi·</span> 
     </span>
     <span class='ocr_line' id='line_1_3' title="bbox 148 610 1048 696; baseline 0 -22"><span class='ocrx_word' id='word_1_14' title='bbox 148 631 250 674; x_wconf 85' lang='lat' dir='ltr'>cuum</span> <span class='ocrx_word' id='word_1_15' title='bbox 267 617 325 689; x_wconf 83' lang='lat' dir='ltr'>est,</span> <span class='ocrx_word' id='word_1_16' title='bbox 343 611 393 673; x_wconf 91' lang='lat' dir='ltr'>vel</span> <span class='ocrx_word' id='word_1_17' title='bbox 407 611 569 674; x_wconf 88' lang='lat' dir='ltr'>exstincto</span> <span class='ocrx_word' id='word_1_18' title='bbox 585 611 698 674; x_wconf 86' lang='lat' dir='ltr'>animo</span> <span class='ocrx_word' id='word_1_19' title='bbox 714 611 765 674; x_wconf 86' lang='lat' dir='ltr'>vel</span> <span class='ocrx_word' id='word_1_20' title='bbox 781 611 905 696; x_wconf 89' lang='lat' dir='ltr'>elaps0,</span> <span class='ocrx_word' id='word_1_21' title='bbox 917 610 1048 674; x_wconf 87' lang='lat' dir='ltr'>nullum</span> 
     </span>
     <span class='ocr_line' id='line_1_4' title="bbox 146 714 447 780; baseline -0.003 -1"><span class='ocrx_word' id='word_1_22' title='bbox 146 714 285 780; x_wconf 88' lang='lat' dir='ltr'>residere</span> <span class='ocrx_word' id='word_1_23' title='bbox 301 737 447 778; x_wconf 89' lang='lat' dir='ltr'>sensum.</span> 
     </span>
    </p>

    <p class='ocr_par' dir='ltr' id='par_1_3' title="bbox 146 819 1047 1304">
     <span class='ocr_line' id='line_1_5' title="bbox 192 819 1047 907; baseline 0.001 -24"><span class='ocrx_word' id='word_1_24' title='bbox 192 819 317 884; x_wconf 87' lang='lat' dir='ltr'>XLIV.</span> <span class='ocrx_word' id='word_1_25' title='bbox 362 819 434 883; x_wconf 83' lang='lat'>105.</span> <span class='ocrx_word' id='word_1_26' title='bbox 461 821 529 885; x_wconf 84' lang='lat' dir='ltr'>Sed</span> <span class='ocrx_word' id='word_1_27' title='bbox 551 822 649 907; x_wconf 84' lang='lat' dir='ltr'>plena</span> <span class='ocrx_word' id='word_1_28' title='bbox 665 842 807 884; x_wconf 88' lang='lat' dir='ltr'>errorum</span> <span class='ocrx_word' id='word_1_29' title='bbox 831 826 909 884; x_wconf 86' lang='lat' dir='ltr'>sunt</span> <span class='ocrx_word' id='word_1_30' title='bbox 925 821 1047 884; x_wconf 88' lang='lat' dir='ltr'>omnia.</span> 
     </span>
     <span class='ocr_line' id='line_1_6' title="bbox 149 923 1047 1015; baseline 0 -27"><span class='ocrx_word' id='word_1_31' title='bbox 149 923 265 988; x_wconf 81' lang='lat' dir='ltr'>Trahit</span> <span class='ocrx_word' id='word_1_32' title='bbox 282 925 460 988; x_wconf 84' lang='lat' dir='ltr'>Hectorem</span> <span class='ocrx_word' id='word_1_33' title='bbox 476 926 519 989; x_wconf 85' lang='lat' dir='ltr'>ad</span> <span class='ocrx_word' id='word_1_34' title='bbox 537 949 668 990; x_wconf 83' lang='lat' dir='ltr'>currum</span> <span class='ocrx_word' id='word_1_35' title='bbox 690 925 866 1015; x_wconf 76' lang='lat' dir='ltr'>religatqm</span> <span class='ocrx_word' id='word_1_36' title='bbox 886 923 1047 1004; x_wconf 89' lang='lat' dir='ltr'>Achilles;</span> 
     </span>
     <span class='ocr_line' id='line_1_7' title="bbox 146 1028 1047 1115; baseline -0.001 -23"><span class='ocrx_word' id='word_1_37' title='bbox 146 1028 281 1093; x_wconf 87' lang='lat' dir='ltr'>lacerari</span> <span class='ocrx_word' id='word_1_38' title='bbox 307 1052 395 1108; x_wconf 88' lang='lat' dir='ltr'>eum,</span> <span class='ocrx_word' id='word_1_39' title='bbox 412 1036 446 1093; x_wconf 86' lang='lat' dir='ltr'>et</span> <span class='ocrx_word' id='word_1_40' title='bbox 466 1033 594 1109; x_wconf 86' lang='lat' dir='ltr'>sentire,</span> <span class='ocrx_word' id='word_1_41' title='bbox 610 1031 715 1110; x_wconf 82' lang='lat' dir='ltr'>crede,</span> <span class='ocrx_word' id='word_1_42' title='bbox 731 1034 836 1115; x_wconf 87' lang='lat' dir='ltr'>putat.</span> <span class='ocrx_word' id='word_1_43' title='bbox 883 1029 972 1113; x_wconf 85' lang='lat' dir='ltr'>Ergo</span> <span class='ocrx_word' id='word_1_44' title='bbox 993 1029 1047 1092; x_wconf 89' lang='lat' dir='ltr'>hic</span> 
     </span>
     <span class='ocr_line' id='line_1_8' title="bbox 146 1133 1047 1217; baseline 0.001 -20"><span class='ocrx_word' id='word_1_45' title='bbox 146 1134 322 1214; x_wconf 85' lang='lat' dir='ltr'>ulciscitur,</span> <span class='ocrx_word' id='word_1_46' title='bbox 337 1141 376 1198; x_wconf 88' lang='lat' dir='ltr'>ut</span> <span class='ocrx_word' id='word_1_47' title='bbox 391 1135 526 1217; x_wconf 89' lang='lat' dir='ltr'>quidem</span> <span class='ocrx_word' id='word_1_48' title='bbox 549 1137 612 1199; x_wconf 87' lang='lat' dir='ltr'>sibi</span> <span class='ocrx_word' id='word_1_49' title='bbox 632 1136 769 1199; x_wconf 84' lang='lat' dir='ltr'>videtur.</span> <span class='ocrx_word' id='word_1_50' title='bbox 815 1135 861 1198; x_wconf 88' lang='lat' dir='ltr'>At</span> <span class='ocrx_word' id='word_1_51' title='bbox 882 1133 939 1196; x_wconf 84' lang='lat' dir='ltr'>illa</span> <span class='ocrx_word' id='word_1_52' title='bbox 961 1134 1047 1198; x_wconf 84' lang='lat' dir='ltr'>sicut</span> 
     </span>
     <span class='ocr_line' id='line_1_9' title="bbox 146 1241 639 1304; baseline 0 -1"><span class='ocrx_word' id='word_1_53' title='bbox 146 1241 394 1303; x_wconf 81' lang='lat' dir='ltr'><strong>acerbissimam</strong></span> <span class='ocrx_word' id='word_1_54' title='bbox 409 1261 478 1303; x_wconf 90' lang='lat' dir='ltr'>rem</span> <span class='ocrx_word' id='word_1_55' title='bbox 494 1246 639 1304; x_wconf 84' lang='lat' dir='ltr'>maeret:</span> 
     </span>
    </p>
   </div>
   <div class='ocr_carea' id='block_1_3' title="bbox 323 1377 876 1537">
    <p class='ocr_par' dir='ltr' id='par_1_4' title="bbox 323 1377 876 1537">
     <span class='ocr_line' id='line_1_10' title="bbox 331 1377 876 1448; baseline 0 -19"><span class='ocrx_word' id='word_1_56' title='bbox 331 1377 397 1442; x_wconf 73' lang='lat' dir='ltr'>Vzdt,</span> <span class='ocrx_word' id='word_1_57' title='bbox 410 1377 493 1430; x_wconf 81' lang='lat' dir='ltr'>videre</span> <span class='ocrx_word' id='word_1_58' title='bbox 505 1379 572 1447; x_wconf 73' lang='lat' dir='ltr'>quod</span> <span class='ocrx_word' id='word_1_59' title='bbox 581 1397 620 1430; x_wconf 89' lang='lat' dir='ltr'>me</span> <span class='ocrx_word' id='word_1_60' title='bbox 628 1396 705 1448; x_wconf 82' lang='lat' dir='ltr'>passo</span> <span class='ocrx_word' id='word_1_61' title='bbox 716 1377 876 1448; x_wconf 67' lang='lat' dir='ltr'>aegerrume,</span> 
     </span>
     <span class='ocr_line' id='line_1_11' title="bbox 323 1464 869 1537; baseline 0 -19"><span class='ocrx_word' id='word_1_62' title='bbox 323 1465 455 1519; x_wconf 70' lang='lat' dir='ltr'>Hectorem</span> <span class='ocrx_word' id='word_1_63' title='bbox 465 1484 544 1520; x_wconf 77' lang='lat' dir='ltr'>mrru</span> <span class='ocrx_word' id='word_1_64' title='bbox 561 1467 718 1537; x_wconf 72' lang='lat' dir='ltr'>quddn&#39;jugo</span> <span class='ocrx_word' id='word_1_65' title='bbox 730 1464 869 1535; x_wconf 71' lang='lat' dir='ltr'>reperirier.</span> 
     </span>
    </p>
   </div>
   <div class='ocr_carea' id='block_1_4' title="bbox 147 1593 1044 1796">
    <p class='ocr_par' dir='ltr' id='par_1_5' title="bbox 147 1593 1044 1796">
     <span class='ocr_line' id='line_1_12' title="bbox 148 1593 1044 1689; baseline 0.001 -22"><span class='ocrx_word' id='word_1_66' title='bbox 148 1603 262 1681; x_wconf 75' lang='lat' dir='ltr'>Quem</span> <span class='ocrx_word' id='word_1_67' title='bbox 276 1605 481 1669; x_wconf 73' lang='lat' dir='ltr'>Hectorem?</span> <span class='ocrx_word' id='word_1_68' title='bbox 504 1593 563 1670; x_wconf 78' lang='lat' dir='ltr'>orit</span> <span class='ocrx_word' id='word_1_69' title='bbox 574 1606 737 1689; x_wconf 84' lang='lat' dir='ltr'>quamdiu</span> <span class='ocrx_word' id='word_1_70' title='bbox 751 1605 805 1668; x_wconf 84' lang='lat' dir='ltr'>ille</span> <span class='ocrx_word' id='word_1_71' title='bbox 821 1605 881 1668; x_wconf 85' lang='lat' dir='ltr'>erit</span> <span class='ocrx_word' id='word_1_72' title='bbox 897 1603 1044 1668; x_wconf 74' lang='lat' dir='ltr'>Hector?</span> 
     </span>
     <span class='ocr_line' id='line_1_13' title="bbox 147 1708 980 1796; baseline 0.001 -24"><span class='ocrx_word' id='word_1_73' title='bbox 147 1708 270 1773; x_wconf 89' lang='lat' dir='ltr'>Melius</span> <span class='ocrx_word' id='word_1_74' title='bbox 287 1711 410 1774; x_wconf 87' lang='lat' dir='ltr'>Accius</span> <span class='ocrx_word' id='word_1_75' title='bbox 425 1715 459 1774; x_wconf 85' lang='lat' dir='ltr'>et</span> <span class='ocrx_word' id='word_1_76' title='bbox 474 1711 653 1795; x_wconf 86' lang='lat' dir='ltr'>aliquando</span> <span class='ocrx_word' id='word_1_77' title='bbox 669 1712 801 1796; x_wconf 86' lang='lat' dir='ltr'>sapiens</span> <span class='ocrx_word' id='word_1_78' title='bbox 819 1709 980 1773; x_wconf 83' lang='lat' dir='ltr'>Achilles:</span> 
     </span>
    </p>
   </div>
   <div class='ocr_carea' id='block_1_5' title="bbox 179 1823 997 1927">
    <p class='ocr_par' dir='ltr' id='par_1_6' title="bbox 179 1823 997 1927">
     <span class='ocr_line' id='line_1_14' title="bbox 179 1823 997 1927; baseline -0.001 -28"><span class='ocrx_word' id='word_1_79' title='bbox 179 1823 261 1900; x_wconf 64' lang='lat' dir='ltr'>Iinmo</span> <span class='ocrx_word' id='word_1_80' title='bbox 272 1848 397 1900; x_wconf 79' lang='lat' dir='ltr'>enimvero</span> <span class='ocrx_word' id='word_1_81' title='bbox 409 1847 500 1916; x_wconf 71' lang='lat' dir='ltr'>corpus</span> <span class='ocrx_word' id='word_1_82' title='bbox 510 1848 618 1927; x_wconf 74' lang='lat' dir='ltr'>Priomo</span> <span class='ocrx_word' id='word_1_83' title='bbox 631 1845 736 1912; x_wconf 67' lang='lat' dir='ltr'>reddidi,</span> <span class='ocrx_word' id='word_1_84' title='bbox 750 1846 882 1900; x_wconf 78' lang='lat' dir='ltr'>Hectorem</span> <span class='ocrx_word' id='word_1_85' title='bbox 894 1845 997 1900; x_wconf 67' lang='lat' dir='ltr'>obstuli.</span> 
     </span>
    </p>
   </div>
   <div class='ocr_carea' id='block_1_6' title="bbox 142 1967 1045 2262">
    <p class='ocr_par' dir='ltr' id='par_1_7' title="bbox 142 1967 1045 2262">
     <span class='ocr_line' id='line_1_15' title="bbox 142 1967 1045 2054; baseline -0.003 -21"><span class='ocrx_word' id='word_1_86' title='bbox 142 1967 222 2033; x_wconf 86' lang='lat' dir='ltr'>Non</span> <span class='ocrx_word' id='word_1_87' title='bbox 248 1969 349 2054; x_wconf 86' lang='lat' dir='ltr'>igitur</span> <span class='ocrx_word' id='word_1_88' title='bbox 373 1968 551 2033; x_wconf 85' lang='lat' dir='ltr'>Hectorem</span> <span class='ocrx_word' id='word_1_89' title='bbox 575 1969 712 2047; x_wconf 82' lang='lat' dir='ltr'>traxisti,</span> <span class='ocrx_word' id='word_1_90' title='bbox 729 1969 787 2032; x_wconf 92' lang='lat' dir='ltr'>sed</span> <span class='ocrx_word' id='word_1_91' title='bbox 811 1990 938 2053; x_wconf 91' lang='lat' dir='ltr'>corpus,</span> <span class='ocrx_word' id='word_1_92' title='bbox 953 1967 1045 2050; x_wconf 90' lang='lat' dir='ltr'>quod</span> 
     </span>
     <span class='ocr_line' id='line_1_16' title="bbox 142 2072 1044 2153; baseline 0 -17"><span class='ocrx_word' id='word_1_93' title='bbox 142 2072 251 2137; x_wconf 82' lang='lat' dir='ltr'>fuerat</span> <span class='ocrx_word' id='word_1_94' title='bbox 267 2074 428 2137; x_wconf 81' lang='lat' dir='ltr'>Hectoris.</span> <span class='ocrx_word' id='word_1_95' title='bbox 465 2073 537 2136; x_wconf 86' lang='lat'>106.</span> <span class='ocrx_word' id='word_1_96' title='bbox 560 2074 648 2137; x_wconf 85' lang='lat' dir='ltr'>Eece</span> <span class='ocrx_word' id='word_1_97' title='bbox 665 2073 749 2136; x_wconf 87' lang='lat' dir='ltr'>alius</span> <span class='ocrx_word' id='word_1_98' title='bbox 761 2075 903 2138; x_wconf 85' lang='lat' dir='ltr'>exoritur</span> <span class='ocrx_word' id='word_1_99' title='bbox 918 2095 936 2135; x_wconf 91' lang='lat' dir='ltr'>e</span> <span class='ocrx_word' id='word_1_100' title='bbox 951 2079 1044 2153; x_wconf 85' lang='lat' dir='ltr'>terre,</span> 
     </span>
     <span class='ocr_line' id='line_1_17' title="bbox 142 2178 718 2262; baseline -0.002 -20"><span class='ocrx_word' id='word_1_101' title='bbox 142 2179 202 2262; x_wconf 89' lang='lat' dir='ltr'>qui</span> <span class='ocrx_word' id='word_1_102' title='bbox 216 2184 357 2242; x_wconf 84' lang='lat' dir='ltr'>matrem</span> <span class='ocrx_word' id='word_1_103' title='bbox 373 2178 513 2241; x_wconf 91' lang='lat' dir='ltr'>dormire</span> <span class='ocrx_word' id='word_1_104' title='bbox 528 2199 595 2241; x_wconf 91' lang='lat' dir='ltr'>non</span> <span class='ocrx_word' id='word_1_105' title='bbox 612 2179 718 2242; x_wconf 83' lang='lat' dir='ltr'>sinat:</span> 
     </span>
    </p>
   </div>
   <div class='ocr_carea' id='block_1_7' title="bbox 213 2332 986 2491">
    <p class='ocr_par' dir='ltr' id='par_1_8' title="bbox 213 2332 986 2491">
     <span class='ocr_line' id='line_1_18' title="bbox 213 2332 986 2402; baseline 0 -17"><span class='ocrx_word' id='word_1_106' title='bbox 213 2332 312 2399; x_wconf 66' lang='lat' dir='ltr'>Meter,</span> <span class='ocrx_word' id='word_1_107' title='bbox 325 2341 349 2385; x_wconf 86' lang='lat' dir='ltr'>te</span> <span class='ocrx_word' id='word_1_108' title='bbox 358 2332 464 2402; x_wconf 71' lang='lat' dir='ltr'>appello,</span> <span class='ocrx_word' id='word_1_109' title='bbox 477 2350 541 2402; x_wconf 81' lang='lat' dir='ltr'>quoe</span> <span class='ocrx_word' id='word_1_110' title='bbox 552 2350 639 2384; x_wconf 75' lang='lat' dir='ltr'>otram</span> <span class='ocrx_word' id='word_1_111' title='bbox 651 2332 737 2386; x_wconf 75' lang='lat' dir='ltr'>somno</span> <span class='ocrx_word' id='word_1_112' title='bbox 750 2333 898 2401; x_wconf 59' lang='lat' dir='ltr'>suspensam</span> <span class='ocrx_word' id='word_1_113' title='bbox 910 2333 986 2398; x_wconf 71' lang='lat' dir='ltr'>levas,</span> 
     </span>
     <span class='ocr_line' id='line_1_19' title="bbox 213 2420 904 2491; baseline 0.001 -19"><span class='ocrx_word' id='word_1_114' title='bbox 213 2420 302 2488; x_wconf 67' lang='lat' dir='ltr'>quue</span> <span class='ocrx_word' id='word_1_115' title='bbox 314 2430 338 2473; x_wconf 85' lang='lat' dir='ltr'>te</span> <span class='ocrx_word' id='word_1_116' title='bbox 348 2422 397 2472; x_wconf 82' lang='lat' dir='ltr'>mei</span> <span class='ocrx_word' id='word_1_117' title='bbox 408 2422 525 2474; x_wconf 64' lang='lat' dir='ltr'>miseret:</span> <span class='ocrx_word' id='word_1_118' title='bbox 542 2438 623 2491; x_wconf 81' lang='lat' dir='ltr'>surge</span> <span class='ocrx_word' id='word_1_119' title='bbox 634 2429 658 2473; x_wconf 85' lang='lat' dir='ltr'>et</span> <span class='ocrx_word' id='word_1_120' title='bbox 669 2421 744 2490; x_wconf 76' lang='lat' dir='ltr'>sepeli</span> <span class='ocrx_word' id='word_1_121' title='bbox 756 2431 843 2474; x_wconf 79' lang='lat' dir='ltr'>natum</span> <span class='ocrx_word' id='word_1_122' title='bbox 853 2424 904 2473; x_wconf 77' lang='lat' dir='ltr'>t·-</span> 
     </span>
    </p>
   </div>
   <div class='ocr_carea' id='block_1_8' title="bbox 140 2560 1043 2962">
    <p class='ocr_par' dir='ltr' id='par_1_9' title="bbox 140 2560 1043 2962">
     <span class='ocr_line' id='line_1_20' title="bbox 144 2560 1042 2647; baseline -0.001 -22"><span class='ocrx_word' id='word_1_123' title='bbox 144 2560 255 2647; x_wconf 84' lang='lat' dir='ltr'>(Haec</span> <span class='ocrx_word' id='word_1_124' title='bbox 270 2582 375 2643; x_wconf 88' lang='lat' dir='ltr'>quum</span> <span class='ocrx_word' id='word_1_125' title='bbox 391 2562 510 2645; x_wconf 86' lang='lat' dir='ltr'>pressis</span> <span class='ocrx_word' id='word_1_126' title='bbox 525 2567 560 2624; x_wconf 88' lang='lat' dir='ltr'>et</span> <span class='ocrx_word' id='word_1_127' title='bbox 575 2560 738 2625; x_wconf 87' lang='lat' dir='ltr'>flebilibus</span> <span class='ocrx_word' id='word_1_128' title='bbox 757 2561 875 2639; x_wconf 89' lang='lat' dir='ltr'>modis,</span> <span class='ocrx_word' id='word_1_129' title='bbox 890 2561 949 2644; x_wconf 87' lang='lat' dir='ltr'>qui</span> <span class='ocrx_word' id='word_1_130' title='bbox 963 2561 1042 2624; x_wconf 89' lang='lat' dir='ltr'>totis</span> 
     </span>
     <span class='ocr_line' id='line_1_21' title="bbox 141 2664 1043 2746; baseline -0.003 -16"><span class='ocrx_word' id='word_1_131' title='bbox 141 2667 279 2730; x_wconf 84' lang='lat' dir='ltr'>theatris</span> <span class='ocrx_word' id='word_1_132' title='bbox 303 2667 508 2730; x_wconf 85' lang='lat' dir='ltr'>maestitiam</span> <span class='ocrx_word' id='word_1_133' title='bbox 533 2665 683 2746; x_wconf 85' lang='lat' dir='ltr'>inferant,</span> <span class='ocrx_word' id='word_1_134' title='bbox 710 2667 937 2744; x_wconf 86' lang='lat' dir='ltr'>concinuntur,</span> <span class='ocrx_word' id='word_1_135' title='bbox 960 2664 1043 2728; x_wconf 90' lang='lat' dir='ltr'>diffi-</span> 
     </span>
     <span class='ocr_line' id='line_1_22' title="bbox 141 2769 1041 2855; baseline 0 -22"><span class='ocrx_word' id='word_1_136' title='bbox 141 2769 203 2834; x_wconf 87' lang='lat' dir='ltr'>cile</span> <span class='ocrx_word' id='word_1_137' title='bbox 220 2775 280 2848; x_wconf 88' lang='lat' dir='ltr'>est,</span> <span class='ocrx_word' id='word_1_138' title='bbox 295 2791 364 2833; x_wconf 89' lang='lat' dir='ltr'>non</span> <span class='ocrx_word' id='word_1_139' title='bbox 379 2791 446 2850; x_wconf 89' lang='lat' dir='ltr'>eos,</span> <span class='ocrx_word' id='word_1_140' title='bbox 462 2771 521 2853; x_wconf 91' lang='lat' dir='ltr'>qui</span> <span class='ocrx_word' id='word_1_141' title='bbox 540 2771 709 2834; x_wconf 88' lang='lat' dir='ltr'>inhumati</span> <span class='ocrx_word' id='word_1_142' title='bbox 732 2776 820 2850; x_wconf 84' lang='lat' dir='ltr'>sunt,</span> <span class='ocrx_word' id='word_1_143' title='bbox 834 2771 970 2834; x_wconf 87' lang='lat' dir='ltr'>miseros</span> <span class='ocrx_word' id='word_1_144' title='bbox 989 2771 1041 2855; x_wconf 86' lang='lat' dir='ltr'>ju-</span> 
     </span>
     <span class='ocr_line' id='line_1_23' title="bbox 140 2875 283 2962; baseline 0 -24"><span class='ocrx_word' id='word_1_145' title='bbox 140 2875 283 2962; x_wconf 84' lang='lat' dir='ltr'>dicare:)</span> 
     </span>
    </p>
   </div>
   <div class='ocr_carea' id='block_1_9' title="bbox 269 3030 830 3174">
    <p class='ocr_par' dir='ltr' id='par_1_10' title="bbox 269 3030 830 3174">
     <span class='ocr_line' id='line_1_24' title="bbox 817 3030 830 3065; baseline 0 0"><span class='ocrx_word' id='word_1_146' title='bbox 817 3030 830 3065; x_wconf 85' lang='lat' dir='ltr'>s</span> 
     </span>
     <span class='ocr_line' id='line_1_25' title="bbox 269 3031 815 3174; baseline -0.004 -19"><span class='ocrx_word' id='word_1_147' title='bbox 269 3101 604 3174; x_wconf 67' lang='lat' dir='ltr'>Quomferoevolucrbsque</span> <span class='ocrx_word' id='word_1_148' title='bbox 617 3139 713 3156; x_wconf 73' lang='grc'><strong>......</strong></span> <span class='ocrx_word' id='word_1_149' title='bbox 753 3031 815 3084; x_wconf 68' lang='lat' dir='ltr'><em>W</em></span> 
     </span>
    </p>
   </div>
   <div class='ocr_carea' id='block_1_10' title="bbox 132 3225 1040 3415">
    <p class='ocr_par' dir='ltr' id='par_1_11' title="bbox 132 3225 1040 3415">
     <span class='ocr_line' id='line_1_26' title="bbox 132 3225 1040 3312; baseline -0.002 -22"><span class='ocrx_word' id='word_1_150' title='bbox 132 3226 292 3312; x_wconf 58' lang='lat' dir='ltr'>(Metuit,</span> <span class='ocrx_word' id='word_1_151' title='bbox 312 3247 354 3289; x_wconf 91' lang='lat' dir='ltr'>ne</span> <span class='ocrx_word' id='word_1_152' title='bbox 372 3226 521 3289; x_wconf 84' lang='lat' dir='ltr'>laceratis</span> <span class='ocrx_word' id='word_1_153' title='bbox 546 3225 701 3288; x_wconf 85' lang='lat' dir='ltr'>membris</span> <span class='ocrx_word' id='word_1_154' title='bbox 727 3225 839 3288; x_wconf 89' lang='lat' dir='ltr'>minus</span> <span class='ocrx_word' id='word_1_155' title='bbox 859 3226 943 3288; x_wconf 91' lang='lat' dir='ltr'>bene</span> <span class='ocrx_word' id='word_1_156' title='bbox 968 3231 1040 3288; x_wconf 85' lang='lat' dir='ltr'>uta·</span> 
     </span>
     <span class='ocr_line' id='line_1_27' title="bbox 138 3328 800 3415; baseline -0.006 -20"><span class='ocrx_word' id='word_1_157' title='bbox 138 3338 194 3396; x_wconf 89' lang='lat' dir='ltr'>tur</span> <span class='ocrx_word' id='word_1_158' title='bbox 203 3351 212 3412; x_wconf 90' lang='lat'>;</span> <span class='ocrx_word' id='word_1_159' title='bbox 234 3353 276 3395; x_wconf 89' lang='lat' dir='ltr'>ne</span> <span class='ocrx_word' id='word_1_160' title='bbox 292 3331 483 3410; x_wconf 85' lang='lat' dir='ltr'>combustis,</span> <span class='ocrx_word' id='word_1_161' title='bbox 500 3351 567 3393; x_wconf 91' lang='lat' dir='ltr'>non</span> <span class='ocrx_word' id='word_1_162' title='bbox 583 3329 769 3392; x_wconf 86' lang='lat' dir='ltr'>extimescit</span> <span class='ocrx_word' id='word_1_163' title='bbox 778 3328 800 3415; x_wconf 78' lang='lat' dir='ltr'>z)</span> 
     </span>
    </p>
   </div>
   <div class='ocr_carea' id='block_1_11' title="bbox 264 3469 927 3627">
    <p class='ocr_par' dir='ltr' id='par_1_12' title="bbox 264 3469 927 3627">
     <span class='ocr_line' id='line_1_28' title="bbox 264 3469 927 3540; baseline -0.006 -16"><span class='ocrx_word' id='word_1_164' title='bbox 264 3471 324 3525; x_wconf 74' lang='lat' dir='ltr'>Neri</span> <span class='ocrx_word' id='word_1_165' title='bbox 335 3471 455 3540; x_wconf 79' lang='lat' dir='ltr'>reliquias</span> <span class='ocrx_word' id='word_1_166' title='bbox 466 3474 504 3523; x_wconf 74' lang='lat' dir='ltr'>stc</span> <span class='ocrx_word' id='word_1_167' title='bbox 514 3487 582 3523; x_wconf 81' lang='lat' dir='ltr'>meas</span> <span class='ocrx_word' id='word_1_168' title='bbox 592 3471 664 3533; x_wconf 81' lang='lat' dir='ltr'>siris,</span> <span class='ocrx_word' id='word_1_169' title='bbox 678 3469 812 3522; x_wconf 73' lang='lat' dir='ltr'>denudatis</span> <span class='ocrx_word' id='word_1_170' title='bbox 823 3469 927 3534; x_wconf 73' lang='lat' dir='ltr'>ossibus,</span> 
     </span>
     <span class='ocr_line' id='line_1_29' title="bbox 269 3555 835 3627; baseline -0.005 -16"><span class='ocrx_word' id='word_1_171' title='bbox 269 3559 362 3612; x_wconf 77' lang='grc' dir='ltr'><em>Ταέινα</em></span> <span class='ocrx_word' id='word_1_172' title='bbox 372 3560 444 3612; x_wconf 74' lang='lat' dir='ltr'>sanie</span> <span class='ocrx_word' id='word_1_173' title='bbox 455 3559 587 3624; x_wconf 71' lang='lat' dir='ltr'>delibutas,</span> <span class='ocrx_word' id='word_1_174' title='bbox 592 3555 672 3627; x_wconf 66' lang='lat' dir='ltr'>foede</span> <span class='ocrx_word' id='word_1_175' title='bbox 683 3557 835 3612; x_wconf 67' lang='lat' dir='ltr'>dioeoedrier.</span> 
     </span>
    </p>
   </div>
   <div class='ocr_carea' id='block_1_12' title="bbox 0 0 1242 4092">
    <p class='ocr_par' dir='ltr' id='par_1_13' title="bbox 0 0 1242 4092">
     <span class='ocr_line' id='line_1_30' title="bbox 0 0 1242 4092; baseline 0 1"><span class='ocrx_word' id='word_1_176' title='bbox 0 0 1242 4092; x_wconf 95' lang='lat' dir='ltr'> </span> 
     </span>
    </p>
   </div>
  </div>
 </body>
</html>
