2475 4092
325 382 427 425 uranu
448 381 469 424 r.
515 382 585 425 cnr.
608 381 700 425 xxxi.
723 381 831 425 xxxn.
980 355 1023 422 41

168 535 219 598 77.
244 534 285 599 Α.
319 534 390 613 Qui
420 541 539 620 potest,
566 556 672 617 quum
696 534 762 598 ista
787 530 1024 617 cognoverim?

124 637 172 702 M.
206 639 276 718 Qui
299 640 413 725 possit,
434 639 556 725 rogas?
603 639 765 703 Catervae
786 639 926 701 veniunt
948 657 1025 701 con·

123 748 175 807 tra
203 745 397 824 dicentium,
427 766 489 808 neo
518 746 628 808 solum
660 744 908 829 Epicureorum,
938 763 1023 825 quos

124 847 280 930 equidem
310 869 377 912 non
407 849 563 933 despicio,
594 847 655 921 sed
683 847 795 911 nescio
825 868 892 928 quo
922 845 1025 910 modo

122 952 337 1017 doctissimus
351 953 491 1035 quisque
507 952 709 1032 contemnit3
731 951 886 1015 acerrime
909 957 1024 1015 autem

122 1056 260 1121 deliciae
275 1078 380 1137 meae,
396 1056 629 1136 Dicaearchus
645 1062 761 1120 contra
782 1057 868 1120 hanc
890 1057 1023 1121 immor·

122 1160 287 1224 talitatem
302 1161 464 1224 dissemit
511 1160 543 1224 Is
559 1161 649 1222 enim
670 1166 735 1223 tres
759 1159 859 1224 libros
885 1159 1023 1245 scripsit,

123 1265 180 1347 qui
213 1265 365 1328 Lesbiaci
394 1272 562 1344 vocantur,
592 1264 685 1348 quod
716 1263 886 1349 Mytilenis
913 1285 1022 1328 sermo

122 1370 270 1447 habetur,
300 1370 336 1433 in
364 1370 485 1452 quibus
514 1369 586 1433 vult
623 1368 758 1448 efficere,
790 1370 921 1432 animos
951 1389 1024 1434 esse

122 1473 287 1538 mortales.
335 1474 440 1539 Stoici
463 1481 577 1538 autem
598 1495 735 1538 usuram
758 1475 854 1538 nobis
879 1473 1023 1559 largiun-

121 1584 183 1658 tur,
210 1585 384 1662 tamquam
411 1581 613 1660 cornicibus3
645 1580 706 1643 diu
729 1600 903 1643 mansuros
928 1579 1024 1643 aiunt

123 1685 263 1763 animos,
279 1706 415 1769 semper,
430 1691 563 1770 negant.

167 1787 313 1852 XXXII.
340 1789 429 1851 Num
446 1810 513 1852 non
524 1789 574 1852 vis
590 1790 691 1874 igitur
705 1789 829 1867 audire,
842 1809 907 1867 cur,
920 1788 1023 1851 etiam

123 1891 151 1956 si
167 1892 214 1954 ita
230 1893 282 1970 sit,
307 1913 394 1955 mors
412 1899 527 1956 tamen
542 1914 610 1956 non
626 1894 721 1956 sitin
740 1891 862 1956 malis?
908 1892 947 1955 A.
977 1890 1024 1955 Ut

121 1996 269 2076 videtur;
293 1997 350 2059 sed
366 2016 419 2059 me
437 2017 535 2059 nemo
550 1996 592 2059 de
608 1997 857 2060 immortalitate
873 1995 1023 2082 depellet·

121 2099 173 2163 78.
197 2098 245 2164 M.
273 2099 393 2164 Laudo
409 2100 442 2163 id
459 2101 615 2183 quidem;
639 2102 701 2165 etsi
716 2101 799 2164 nihil
814 2102 914 2191 nimis
930 2121 1023 2185 opor·

120 2210 170 2268 tet
184 2203 356 2269 confidere.
396 2204 572 2268 Movemur
583 2205 675 2268 enim
687 2225 786 2289 saepe
798 2204 912 2286 aliquo
925 2209 1023 2268 acute

120 2308 293 2391 conclus03
315 2309 476 2389 labamus,
489 2315 729 2392 mutamusque
745 2310 945 2372 sententiam
958 2308 1021 2373 cla·

118 2415 258 2478 rioribus
283 2416 385 2478 etiam
400 2415 434 2477 in
450 2415 568 2477 rebus:
591 2415 627 2477 in
653 2414 704 2478 his
729 2418 780 2476 est
802 2414 892 2476 enim
908 2413 1023 2496 aliqua

120 2520 311 2583 obscuritas.
357 2519 397 2582 Id
418 2518 519 2603 igitur
534 2519 563 2582 si
586 2517 750 2597 acciderit,
766 2517 872 2581 simus
892 2516 1020 2580 armati.

121 2625 160 2688 A.
193 2624 283 2689 Sane
298 2625 455 2707 quidem;
478 2623 545 2703 sed,
561 2645 603 2687 ne
619 2623 759 2702 accidat,
774 2621 963 2707 providebo.

162 2728 210 2793 M.
242 2728 416 2812 Numquid
436 2731 536 2814 igitur
559 2735 610 2792 est
633 2749 764 2806 causae,
788 2727 869 2809 quin
894 2725 1020 2789 amicos

120 2840 247 2897 nostros
266 2834 397 2898 Stoicos
420 2832 655 2897 dimittamus?
678 2854 735 2895 eos
750 2831 835 2910 dico,
850 2830 910 2913 qui
924 2830 1021 2894 aiunt

120 2939 251 3002 animos
266 2960 409 3018 manere,
425 2960 443 3001 e
459 2959 592 3022 corpore
615 2958 721 3021 quum
736 2935 945 3015 excesserint,
961 2933 1021 2999 sed

119 3063 187 3106 non
203 3042 354 3125 semper?
401 3043 439 3106 A.
472 3044 557 3106 Istos
573 3063 669 3104 vero:
692 3042 760 3124 qui,
776 3039 868 3124 quod
889 3046 962 3105 tota
982 3041 1019 3104 in

118 3148 181 3210 hac
211 3167 314 3209 causa
344 3145 574 3209 difficillimum
606 3151 667 3224 est,
697 3145 890 3230 suscipiant,
920 3164 1019 3229 posse

117 3253 270 3316 animum
286 3273 418 3314 manere
434 3272 566 3336 corpore
578 3255 773 3313 vacantem:
796 3248 878 3313 illud
893 3255 1018 3328 autern,

117 3357 208 3440 quod
228 3377 295 3420 non
312 3356 412 3418 modo
432 3354 527 3419 facile
545 3356 587 3418 ad
605 3355 804 3418 eredendum
819 3359 878 3433 est,
894 3354 961 3434 sed,
977 3373 1018 3416 eo

117 3483 274 3525 concesso
301 3459 392 3543 quod
417 3459 543 3539 volunt,
565 3480 772 3541 consequens
796 3457 926 3536 idcirco,
949 3478 1018 3520 non

119 3566 209 3646 dant,
238 3571 285 3646 ut,
316 3586 421 3648 quum
451 3564 509 3628 diu
542 3563 767 3650 permanserit,
796 3583 839 3626 ne
868 3562 1017 3625 intereat
