2475 4092
224 346 269 412 82
498 367 652 412 souruunr
675 369 850 412 sornronrs.

223 523 341 609 gustiis
370 522 514 607 cingitur
541 522 584 586 iis
612 523 799 607 regionum,
823 543 908 604 ques
940 522 1054 602 vides,
1085 544 1156 586 nee

222 649 372 711 unquam
387 627 429 691 de
445 627 512 690 ullo
537 628 689 711 perennis
712 625 785 705 fuit,
801 633 836 690 et
850 628 1007 692 obruitur
1033 630 1152 692 homi·

222 753 306 798 num
336 732 478 811 interitu,
509 736 544 794 et
571 731 740 795 oblivione
770 732 980 815 posteritatis
1014 735 1150 796 exstin-

222 839 364 925 guitur.'’

266 942 363 1007 VIII
388 941 487 1022 Quae
518 963 625 1026 quum
648 940 794 1021 dixisset
819 941 925 1026 “Ego
950 943 1067 1020 vere,”
1093 943 1147 1006 in·

220 1069 335 1133 quam,
357 1055 376 1090 “
390 1047 422 1111 Ο
448 1045 612 1126 Africano,
637 1045 803 1128 siquidem
825 1048 912 1110 bene
935 1048 1075 1110 meritis
1100 1047 1145 1110 de

220 1153 329 1238 patrie
343 1152 439 1234 qussi
455 1150 551 1215 limes
566 1149 608 1212 nd
626 1149 708 1213 eseli
733 1150 864 1214 aditum
889 1156 996 1234 patet,
1014 1173 1142 1233 quam-

220 1277 324 1341 quem
339 1276 359 1319 a
375 1255 516 1339 pueritie
527 1253 675 1338 vestigiis
688 1254 856 1338 ingressus
873 1254 990 1338 patriis
1005 1261 1041 1318 et
1058 1257 1140 1334 tuis,

218 1360 329 1427 decori
343 1367 451 1422 vestro
467 1379 533 1422 non
549 1356 659 1437 desui;
680 1379 769 1420 nuno
784 1365 909 1435 temen,
920 1363 1023 1421 tanto
1041 1380 1140 1442 prae·

218 1466 287 1530 mio
303 1464 480 1548 proposito,
492 1463 598 1525 enitar
612 1461 720 1526 multo
732 1461 955 1547 vigilantius?
1005 1462 1056 1525 Et
1073 1463 1138 1542 ille,

218 1577 237 1612 “
249 1569 303 1632 Tu
318 1589 394 1630 vero
406 1568 539 1645 enitere,
554 1572 589 1628 et
604 1567 653 1629 sio
668 1567 801 1645 hebeto,
817 1587 886 1629 non
902 1587 976 1628 esse
994 1573 1031 1629 te
1049 1588 1137 1630 mor·

218 1673 332 1752 telem,
347 1670 405 1735 sed
429 1693 547 1756 eorpus
574 1670 645 1734 hoo.
692 1671 764 1735 Nee
787 1672 878 1734 enim
895 1677 933 1735 tu
961 1692 1009 1750 es,
1027 1694 1135 1754 quem

218 1777 325 1842 forma
347 1779 414 1841 ista
434 1775 597 1855 deelarat3
620 1775 679 1839 sed
706 1797 801 1840 mens
823 1777 999 1860 cujusque,
1022 1778 1052 1840 is
1082 1785 1135 1840 est

218 1883 369 1966 quisque,
384 1903 450 1945 non
473 1879 644 1965 eadgaro,
660 1901 746 1964 quae
770 1881 877 1966 digito
901 1880 1133 1946 demonstrari

217 1993 336 2071 potest
391 1985 501 2051 Deum
532 1989 564 2047 te
594 1983 695 2067 igitur
721 1985 804 2048 seito
831 2006 921 2048 esse:
955 1987 1130 2068 siquidem

219 2090 302 2154 deus
323 2095 384 2167 est,
398 2090 457 2171 qui
471 2090 570 2172 viget,
585 2088 643 2169 qui
671 2089 781 2166 sentit,
797 2089 855 2171 qui
879 2092 1048 2170 meminit,
1070 2094 1130 2175 qui

218 2193 376 2279 providet,
390 2193 448 2273 qui
465 2199 535 2254 tam
550 2193 635 2274 regit
650 2197 683 2254 et
702 2191 892 2256 moderatur
907 2201 942 2257 et
959 2203 1079 2259 movet
1093 2197 1129 2260 id

218 2317 345 2380 corpus,
360 2296 415 2358 oui
430 2296 638 2378 praepositus
653 2301 713 2373 est,
729 2317 833 2377 quam
850 2297 939 2360 huno
955 2301 1126 2364 mundum
1214 2275 1215 2294 I

217 2402 272 2466 ille
295 2400 444 2484 princeps
470 2398 573 2478 deus;
603 2404 637 2461 et
661 2405 701 2462 ut
721 2400 886 2464 mundum
907 2423 948 2464 ex
971 2404 1124 2484 quadam

217 2512 310 2592 parte
336 2502 507 2566 mortalem
533 2503 605 2587 ipse
636 2503 718 2566 deus
746 2511 909 2584 aeternus,
931 2506 979 2569 sio
1006 2505 1124 2592 fragile

216 2632 334 2697 eorpus
352 2609 484 2672 animus
510 2608 730 2691 sempiternus
755 2615 875 2672 movet
925 2611 1014 2674 Nam
1031 2613 1123 2694 quod

217 2737 345 2801 semper
360 2719 520 2791 movetur,
533 2718 705 2776 aeternum
721 2720 789 2794 est;
812 2714 903 2797 quod
919 2722 1034 2779 autem
1051 2739 1120 2780 mo·

216 2828 289 2886 tum
306 2818 399 2885 affert
421 2817 530 2896 aliouI,
546 2815 702 2899 quodque
717 2818 830 2902 ipsum
851 2821 998 2904 agitatur
1014 2821 1118 2886 aliun-

216 2927 268 3006 de,
292 2925 425 3010 quando
455 2922 556 2987 finem
587 2923 688 2986 habet
711 2931 832 3005 motus,
857 2927 989 2990 vivendi
1016 2926 1117 2992 finem

218 3033 340 3096 habeat
365 3051 497 3094 neeesse
527 3034 585 3091 est
649 3028 765 3093 solum
795 3030 898 3116 igitur
925 3033 1016 3114 quod
1046 3055 1116 3098 sese

215 3144 336 3215 movet,
352 3136 432 3219 quia
458 3153 632 3216 nunquam
651 3132 811 3197 deseritur
833 3156 854 3198 a
876 3156 922 3213 se,
942 3156 1115 3218 nunquam

214 3265 257 3309 ne
285 3242 408 3306 moveri
423 3239 559 3324 quidem
588 3236 719 3300 desinit
776 3237 870 3316 Quin
901 3240 1002 3302 etiam
1033 3249 1115 3306 oete-

212 3353 266 3430 ris‚
281 3371 367 3434 quae
386 3353 570 3425 moventur,
586 3345 639 3409 hie
661 3341 744 3423 fons,
760 3344 823 3408 hoo
843 3344 1043 3429 principium
1067 3353 1114 3410 est

212 3456 377 3522 movendi.
423 3452 587 3535 Principio
603 3453 718 3513 autern
734 3448 825 3512 nulla
842 3454 892 3512 est
903 3449 1011 3532 origo:
1035 3471 1112 3514 nem

212 3581 252 3622 ex
267 3559 426 3643 principio
443 3556 592 3618 oriuntur
607 3553 742 3633 omnia3
764 3552 875 3636 ipsum
891 3557 1008 3615 autem
1024 3555 1112 3619 nulla
