2475 4092
411 343 563 388 sonuum
586 344 759 387 sermonis.
992 321 1032 386 71

131 497 235 575 generi
259 499 423 558 enuntiarit
464 498 549 558 Hanc
574 498 702 556 fabulam
723 498 826 558 Cicero
849 499 916 558 licet
936 499 973 556 ab
993 498 1034 556 in·

131 593 236 665 doctis,
257 596 338 672 quasi
359 596 420 674 ipse
441 596 501 655 veri
521 596 665 667 conscius,
683 596 777 656 doleat
798 597 918 667 irrisam,
937 613 1033 655 exem·

132 691 214 768 plum
230 702 327 751 tamen
341 692 459 752 stolidae
479 693 709 771 reprehensionis
722 694 825 765 vitans,
838 693 956 753 excitari
969 713 1032 754 nar·

130 800 273 861 raturum‚
287 810 373 867 quam
388 792 569 862 reviviscere,
583 791 691 849 maluit.
703 824 743 836 —
755 790 833 850 Idem
846 792 961 850 ibidem.

172 980 220 1041 Ac
242 983 320 1061 prius
344 1003 431 1059 quam
455 983 558 1041 somnii
580 985 670 1043 verba
691 984 885 1055 consulamus,
907 984 1030 1043 enodan-

130 1077 202 1137 dum
229 1081 311 1139 nobis
331 1092 384 1151 est,
404 1101 423 1138 a
445 1101 501 1157 quo
525 1100 633 1158 genere
659 1081 807 1140 hominum
834 1081 945 1141 Tullius
971 1101 1029 1140 me·

130 1189 224 1237 moret
241 1181 288 1237 vel
309 1179 420 1237 irrisam
445 1179 569 1238 Platonis
591 1179 728 1250 fabulam,
749 1181 806 1250 vel,
826 1200 863 1238 ne
881 1180 934 1239 sibi
954 1179 1029 1238 idem

129 1276 255 1346 eveniat,
276 1296 334 1335 non
354 1276 456 1335 vereri.
508 1276 573 1335 Nec
591 1277 670 1335 enim
688 1277 732 1334 his
749 1277 843 1336 verbis
861 1278 921 1335 vult
940 1277 1028 1355 impe·

129 1371 216 1430 ritum
230 1374 333 1450 vulgus
347 1373 477 1451 intelligi,
487 1371 538 1431 sed
552 1393 644 1452 genus
658 1373 805 1432 hominum
818 1374 878 1432 veri
897 1374 1028 1452 ignarum

128 1471 183 1528 sub
200 1471 317 1548 peritiae
338 1472 543 1530 ostentatione:
564 1472 670 1550 quippe
689 1492 761 1548 quos
780 1482 809 1531 et
827 1472 930 1550 legisse
951 1473 1028 1545 talia,

128 1568 217 1626 etad
241 1569 510 1647 reprehendendum
533 1570 675 1627 animatos
699 1579 849 1628 constaret
890 1570 1028 1629 Dicemus

127 1665 215 1744 igitur
227 1677 255 1725 et
268 1687 340 1743 quos
362 1667 392 1725 in
410 1678 519 1725 tantum
538 1667 736 1745 philosophum
757 1668 864 1726 referat
884 1668 1027 1745 quandam

126 1781 269 1822 censurae
303 1765 466 1823 exercuisse
501 1764 657 1835 levitatem,
683 1765 781 1841 quisve
814 1785 913 1824 eorum
940 1766 1026 1824 etiam

126 1861 264 1938 scriptam
290 1861 434 1938 reliquerit
461 1862 691 1932 accusationem3
713 1871 764 1920 etc.
815 1861 1025 1939 Epicureorum

126 1968 186 2017 tota
210 1958 306 2030 factio,
325 1979 418 2035 aequo
436 1979 551 2036 semper
569 1979 665 2018 errore
684 1979 702 2016 a
725 1979 793 2018 vero
815 1959 906 2029 devia,
928 1970 958 2018 et
978 1959 1026 2018 illa

125 2056 293 2115 existimans
317 2056 435 2116 ridenda
459 2077 532 2134 quae
557 2058 678 2128 nesciat,
701 2077 815 2116 sacrum
838 2059 973 2117 volumen
996 2070 1026 2118 et

125 2155 328 2232 augustissima
348 2155 432 2213 irrisit
454 2165 573 2212 naturae
594 2154 678 2213 seria.
719 2155 833 2213 Colotes
855 2175 934 2226 vero,
952 2155 1025 2214 inter

126 2250 249 2328 Epicuri
275 2252 417 2309 auditores
448 2252 584 2311 famosior
609 2262 639 2310 et
667 2251 834 2328 loquacitate
867 2253 1025 2322 notabilior,

124 2349 212 2408 etiam
226 2350 255 2408 in
269 2350 371 2408 librum
386 2350 478 2408 retulit
492 2369 565 2426 quae
580 2349 615 2408 de
630 2351 684 2408 hoc
696 2350 820 2408 amarius
834 2351 1023 2427 reprehendit.

125 2445 185 2505 Sed
198 2458 306 2518 cetera,
319 2468 392 2523 quae
411 2447 512 2523 injuria
531 2448 647 2518 notavit,
661 2447 799 2524 siquidem
813 2447 850 2506 ad
869 2449 1023 2520 somnium,

125 2544 232 2621 dequo
246 2546 293 2604 hic
306 2545 433 2624 procedit
453 2565 559 2616 sermo,
573 2566 630 2603 non
651 2545 781 2615 attinent,
794 2546 849 2604 hoc
864 2547 927 2604 loco
941 2547 1022 2605 nobis

123 2642 280 2701 omittenda
301 2653 384 2702 sunt:
412 2643 491 2700 illam
509 2643 683 2701 calumniam
703 2662 917 2719 persequemur,
937 2663 1021 2719 quae,

123 2739 178 2798 nisi
199 2740 392 2817 supplodatur,
410 2740 535 2798 manebit
557 2739 689 2799 Ciceroni
714 2760 781 2798 cum
803 2739 919 2798 Platone
943 2761 1020 2799 com·

123 2837 228 2896 munis.
269 2838 328 2907 Ait,
342 2857 360 2894 a
374 2837 540 2914 philosopho
559 2837 685 2894 fabulam
706 2856 764 2894 non
784 2838 939 2914 oportuisse
954 2859 1021 2897 con·

124 2934 211 3013 fingi:
233 2935 368 3010 quoniam
390 2936 499 2992 nullum
520 2934 648 3011 figmenti
671 2954 762 3011 genus
774 2935 835 2992 veri
856 2935 1019 3011 professori·

123 3036 176 3093 bus
188 3034 362 3092 conveniret.
403 3033 463 3090 Cur
476 3033 564 3104 enim,
578 3033 677 3108 inquit,
690 3033 714 3089 si
736 3052 831 3090 rerum
853 3035 1020 3093 caelestium

123 3131 279 3202 notionem,
303 3131 327 3189 si
355 3132 481 3189 habitum
506 3151 558 3189 nos
585 3131 746 3189 animarum
772 3129 876 3189 docere
898 3133 1020 3204 voluisti,

122 3249 180 3288 non
201 3230 324 3306 simplici
337 3240 366 3286 et
383 3229 512 3286 absoluta
532 3228 587 3286 hoc
606 3229 795 3286 insinuatione
816 3238 946 3287 curatum
965 3240 1019 3300 est,

122 3327 172 3385 sed
196 3327 325 3403 quaesita
353 3346 474 3403 persona
496 3345 638 3401 casusque
663 3326 822 3403 excogitata
849 3327 968 3397 novitas,
990 3338 1019 3386 et

121 3425 279 3501 composita
305 3423 433 3482 advocati
460 3443 548 3481 scena
579 3423 719 3501 figmenti,
746 3423 836 3501 ipsam
863 3422 1017 3498 quaerendi

122 3523 183 3582 reri
206 3523 325 3599 januam
352 3520 502 3580 mendacio
525 3521 709 3598 polluerunt?
766 3520 849 3580 Haec
871 3521 1017 3597 quoniam,
