2475 4092
238 349 318 412 xviii
560 367 820 412 rurnonnornon.

238 523 338 576 exitum
350 522 429 588 vitae,
440 538 490 574 non
503 521 535 574 ab
547 538 579 574 ss
590 537 618 574 re
631 521 735 591 publiea
747 521 853 586 avellar,
865 537 917 589 qna
928 519 1067 574 serendum
1078 536 1142 573 esse

238 610 349 674 doleam,
373 608 524 679 praesertim
543 626 622 676 quum
638 609 663 662 id
681 609 738 662 sins
757 609 812 662 ollo
831 626 910 662 sensu
934 608 1052 662 futorum
1071 608 1139 661 sit.”

237 697 312 766 (lln'd
330 695 377 750 VI.
396 698 441 767 iv.)
476 699 494 727 “
505 694 564 749 Una
576 697 643 750 ratio
662 696 774 762 videtur,
792 697 916 765 quidquid
932 696 1056 760 evenerit,
1070 696 1139 748 ferre

237 784 377 851 moderate,
390 784 541 853 praesertim
561 799 642 850 quum
665 784 783 837 omnium
801 800 890 837 rernm
908 801 978 837 mors
995 784 1031 836 sit
1050 792 1138 836 extre-

237 873 339 926 mum’'
375 871 452 942 (Ibid.
468 869 516 923 Vl.
530 871 599 940 xxi.)

271 960 326 1013 We
349 976 409 1028 may
433 959 513 1012 insert
532 959 594 1012 here
615 976 632 1012 a
652 975 764 1028 passage
781 959 849 1012 from
866 959 911 1012 the
931 957 1085 1011 Hortensius
1108 958 1141 1010 os

237 1047 342 1113 Cicero,
366 1047 434 1101 cited
457 1047 491 1114 by
515 1045 556 1101 St.
582 1046 744 1116 Angustiae,
767 1047 810 1100 De
826 1047 901 1100 Tria.
924 1045 983 1099 Lib.
1008 1045 1085 1099 XIV.
1108 1063 1134 1099 o.

237 1151 309 1188 mn:
322 1163 353 1174 -

274 1227 292 1252 ‘⁶
303 1220 376 1282 Quae
389 1221 462 1274 nobis
475 1221 531 1274 dies
542 1230 682 1290 nootesqne
691 1221 922 1284 oonsidersntibns‚
932 1219 1135 1288 acuentibusque

238 1307 446 1377 intelligentiam,
455 1325 521 1376 qnae
530 1317 571 1361 est
583 1309 677 1361 mentis
688 1309 768 1373 acies,
777 1307 978 1375 mentibusque
990 1324 1024 1360 ue
1032 1307 1135 1374 quando

237 1395 283 1448 ills
299 1395 431 1462 hebescat,
444 1397 481 1468 [id
498 1405 548 1461 est,
561 1396 588 1449 in
606 1395 771 1465 philosophis
781 1394 949 1462 virentibos‚]
963 1411 1059 1462 magna
1073 1411 1136 1462 spes

237 1491 288 1548 est,
301 1491 347 1536 ant
358 1484 383 1536 si
394 1484 453 1549 hoo,
465 1501 516 1551 qno
533 1483 661 1536 sentimus
671 1491 699 1535 et
710 1482 836 1551 sapimus,
850 1481 958 1534 mortale
969 1492 996 1533 et
1008 1481 1135 1534 oadnoum

237 1578 287 1635 est,
297 1569 440 1640 jucundum
452 1571 535 1636 nobis,
548 1570 690 1639 perfunctis
701 1569 850 1622 muneribus
862 1569 991 1630 humanis,
1001 1585 1132 1635 ostensum,

237 1673 321 1724 neque
334 1656 470 1710 molestam
487 1657 687 1710 exstinctionem
698 1667 725 1709 et
742 1656 816 1723 qnasi
837 1654 952 1722 quietem
968 1655 1039 1708 ritae
1058 1654 1131 1708 fors:

237 1753 282 1796 aut
293 1744 326 1807 si,
337 1753 365 1796 ut
377 1744 489 1812 antiquis
501 1744 672 1813 philosophis,
682 1743 765 1812 iisque
776 1743 897 1796 maximis
908 1743 1037 1812 longeque
1045 1743 1135 1796 elaris-

236 1831 320 1896 simis‚
339 1831 445 1900 placuit,
459 1840 577 1884 aeternos
594 1830 695 1883 animos
705 1847 736 1883 se
747 1829 848 1882 divinos
865 1830 1008 1884 habemns:
1028 1830 1066 1883 sio
1077 1829 1132 1883 exi·

236 1919 393 1972 stimondnm
405 1927 455 1984 est,
468 1935 519 1986 qno
530 1918 615 1987 magis
633 1917 661 1970 hi
675 1917 886 1984 luerintsemper
896 1916 924 1968 in
937 1933 1026 1979 euno,
1038 1916 1063 1968 id
1081 1925 1132 1981 est,

235 2005 261 2058 in
283 2006 382 2059 ratione
399 2015 425 2058 et
443 2005 615 2074 investigandi
633 2004 784 2074 eupiditate,
796 2013 823 2057 et
834 2020 886 2071 qno
903 2004 989 2056 minus
1005 2020 1035 2056 se
1052 2003 1133 2056 admi·

236 2093 350 2145 souerint
363 2102 439 2159 atque
461 2093 636 2162 implicuerint
656 2091 791 2146 hominum
807 2090 877 2144 vitiis
894 2100 972 2157 atque
991 2090 1131 2154 erroribus,

237 2178 329 2230 hoelis
342 2179 480 2231 faciliorem
494 2180 648 2232 adscensum
660 2189 687 2232 et
698 2179 809 2231 reditum
821 2178 848 2231 in
857 2179 958 2232 eaelum
971 2177 1035 2230 sore.
1063 2175 1133 2236 Qua-

237 2274 350 2334 propter,
363 2275 392 2317 nt
404 2265 540 2332 aliquando
558 2267 709 2319 terminetur
720 2266 810 2328 oratio,
822 2267 846 2318 si
857 2275 903 2319 aut
919 2265 1054 2333 exstingui
1064 2274 1133 2316 tran·

236 2353 316 2420 quille
333 2353 464 2418 volumus,
481 2370 560 2420 quum
575 2353 603 2405 in
615 2353 657 2406 his
669 2354 766 2406 artibus
777 2354 930 2419 vixerimus,
943 2362 989 2406 aut
1000 2353 1024 2405 si
1035 2369 1070 2406 ex
1081 2352 1133 2404 hae

236 2438 263 2491 in
275 2439 352 2491 aliam
369 2438 437 2491 haud
455 2440 543 2508 paullo
555 2440 688 2493 meliorem
705 2440 811 2493 domum
825 2441 881 2493 sine
892 2457 965 2493 mora
976 2439 1131 2508 demigrare,

235 2527 262 2580 in
275 2526 316 2578 his
328 2526 421 2578 studiis
432 2527 506 2580 nobis
517 2527 601 2580 omnis
613 2544 692 2595 opera
703 2537 730 2580 et
738 2544 801 2580 eura
812 2528 932 2596 ponenda
942 2528 1014 2580 est.’'

271 2611 324 2665 See
336 2613 391 2665 also
409 2613 517 2665 another
533 2623 635 2667 extract
655 2614 721 2667 from
733 2614 778 2666 the
795 2612 952 2667 Hortensius
963 2613 991 2666 ia
1002 2614 1047 2666 the
1059 2628 1130 2666 same

234 2701 340 2754 treatise
353 2701 384 2752 of
392 2699 433 2752 St.
447 2700 609 2769 Augustino,
623 2699 681 2753 Lib.
693 2700 742 2753 lv.
753 2718 775 2753 o.
788 2701 815 2754 ii.

269 2786 310 2840 To
324 2789 397 2840 these
408 2797 522 2841 extracta
535 2805 594 2857 moy
605 2789 638 2841 be
651 2788 732 2842 added
745 2805 761 2840 a
772 2805 884 2857 passage
892 2787 959 2842 from
971 2789 1017 2842 the
1025 2786 1131 2840 Oration

230 2874 395 2945 prostremo,
409 2875 435 2928 ii.
447 2879 481 2928 50
494 2895 546 2928 ;-

269 2966 287 2992 “
298 2960 357 3021 Quo
369 2973 395 3016 te
407 2980 475 3016 nune
487 2963 563 3016 modo
575 2962 722 3032 appellent
759 2960 796 3015 Ut
808 2963 956 3016 hominem?
987 2962 1026 3015 At
1038 2979 1088 3015 non
1100 2978 1131 3014 es

233 3048 367 3102 internos.
406 3047 442 3102 Ut
460 3051 607 3103 mortuuml
644 3050 684 3102 At
699 3051 765 3103 vivis
782 3060 808 3103 et
819 3051 911 3117 viges;
930 3060 957 3103 at
974 3051 1002 3103 in
1015 3049 1132 3102 omnium

234 3135 326 3188 animis
338 3145 415 3204 atque
427 3154 470 3189 ore
481 3139 602 3202 versaris,
616 3148 694 3204 atque
706 3137 809 3190 divinos
826 3138 928 3190 animus
944 3138 1054 3190 mortale
1066 3135 1131 3188 nihil

234 3223 333 3290 habuit,
347 3241 430 3292 neque
443 3225 535 3278 horum
546 3225 686 3294 quidquam
697 3225 782 3295 potnit
799 3225 880 3278 emori
892 3234 994 3294 praeter
1005 3223 1129 3292 oorpns.’'
