2475 4092
319 769 361 820 Μ,
391 769 549 821 TULLII
579 770 824 822 CICERONIS

122 943 550 1020 TUSCULANARUM
584 944 1018 1020 DISPUTATIONUM

436 1141 480 1182 An
501 1140 538 1183 M.
560 1139 706 1183 BRUTUM

321 1295 511 1361 LIBER
555 1295 814 1364 PRIMUS.

247 1468 300 1518 DE
331 1465 687 1518 CONTEMNENDA
721 1468 892 1520 MORTE.

167 1765 191 1827 l.
236 1763 266 1826 1.
293 1761 396 1840 Quum
426 1758 658 1823 defensionum
693 1759 860 1824 laboribus
889 1768 1018 1826 senato·

121 1870 242 1950 riisque
258 1867 459 1942 muneribus,
484 1869 544 1926 aut
574 1865 712 1926 omnino
742 1872 802 1928 aut
830 1887 954 1952 magna
978 1889 1018 1930 ex

123 1978 224 2056 parte,
234 1991 340 2033 essem
351 1967 530 2050 aliquando
545 1967 711 2047 liberatus,
725 1969 820 2032 retuli
832 1991 895 2050 me,
909 1972 1019 2051 Brute,

122 2083 155 2140 te
178 2078 328 2140 hortante
350 2074 505 2151 maxime,
522 2072 564 2135 ad
586 2093 627 2135 ea
647 2072 767 2152 studia,
782 2095 878 2156 quae,
893 2081 1019 2140 retenta

122 2183 245 2260 animo,
260 2180 398 2242 remissa
421 2178 634 2261 temporibus,
652 2177 753 2263 longo
776 2179 947 2244 intervallo
971 2182 1018 2244 in·

120 2288 280 2365 termissa,
303 2284 473 2363 revocavi;
503 2288 545 2360 et,
575 2304 680 2366 quum
710 2284 861 2347 omnium
888 2287 1017 2367 artium,

120 2413 206 2475 quae
227 2390 271 2454 ad
290 2395 414 2452 rectam
436 2387 569 2450 vivendi
595 2387 685 2449 viam
706 2389 911 2471 pertinerent,
934 2393 1017 2455 ratio

120 2501 154 2558 et
180 2493 354 2579 disciplina
375 2491 484 2554 studio
500 2491 692 2575 sapientiae,
708 2512 795 2573 quae
810 2493 1019 2578 philosophia

121 2601 247 2679 dicitur,
277 2598 506 2674 contineretur,
535 2596 599 2668 hoc
629 2596 711 2658 mihi
741 2596 872 2660 Latinis
902 2597 1018 2663 litteris

120 2704 352 2770 illustrandum
368 2701 502 2786 putavi,
520 2685 587 2763 fron
603 2701 684 2782 quia
696 2700 904 2786 philosophia
918 2704 1019 2767 Grae·

121 2811 168 2872 cis
180 2815 213 2872 et
227 2808 340 2871 litteris
357 2811 390 2868 et
401 2804 590 2867 doctoribus
606 2805 728 2888 percipi
743 2825 811 2867 non
826 2812 947 2889 posset,
960 2809 1018 2871 sed

121 2933 235 2977 meum
258 2931 386 2995 semper
401 2908 566 2993 judicium
585 2906 787 2987 saramania
806 2916 934 2974 nostros
958 2919 1019 2977 aut

120 3017 284 3082 invenisse
309 3036 365 3099 per
393 3035 427 3077 se
451 3013 633 3097 sapientius
663 3033 764 3094 quarn
784 3013 939 3096 Graecos,
959 3024 1018 3081 aut

121 3129 259 3207 accepta
288 3123 330 3184 ab
359 3119 423 3183 illis
453 3117 568 3182 fecisse
599 3117 744 3196 meliora,
768 3140 854 3202 quae
880 3122 1016 3204 quidem

120 3230 222 3315 digna
234 3225 427 3290 statuissent
437 3225 472 3287 in
484 3223 605 3307 quibus
620 3222 831 3287 elaborarent
874 3225 905 3288 2.
927 3227 1016 3291 Nam

120 3356 228 3400 mores
255 3338 289 3394 et
311 3330 465 3393 instituta
489 3329 577 3392 vitae
603 3348 720 3410 resque
746 3327 946 3395 domesticas
976 3354 1016 3396 ae

119 3438 297 3504 familiares
313 3455 374 3497 nos
390 3432 535 3517 prolecto
550 3436 583 3494 et
601 3430 720 3495 melius
738 3437 870 3496 tuemur
891 3440 924 3498 et
945 3435 1015 3500 lau·

120 3546 204 3609 tius:
233 3562 303 3605 rem
328 3558 404 3601 vero
430 3535 598 3622 publicam
628 3536 730 3600 nostri
759 3538 901 3622 majores
930 3546 1015 3605 certe

379 3642 398 3708 1
