2475 4092
210 283 252 350 30
384 304 649 348 'ruscuusussun
670 303 943 348 urssurnrronurr

209 458 349 524 modum
373 459 548 538 interirent,
573 457 727 522 viderem.
783 456 874 522 Nam
897 458 1116 544 sanguinem,

209 565 319 643 bilem,
334 564 500 650 pituitam,
515 584 599 642 ossa,
614 583 741 642 nervos,
760 583 873 642 venas,
893 583 1030 627 ornnem
1053 563 1115 626 de-

210 669 310 752 nique
340 671 561 732 membrorum
591 674 626 732 et
653 667 756 732 totius
785 667 927 752 corporis
963 667 1114 752 figuram

209 773 322 837 videor
343 793 440 857 posse
455 772 570 851 dicere,
585 772 674 836 unde
696 778 849 836 concreta
863 777 898 835 et
914 793 982 855 quo
1003 771 1113 836 modo

210 877 299 943 iacta
323 879 409 942 sint:
432 878 583 940 animum
601 878 722 961 ipsum,
746 877 775 940 si
789 875 871 940 nihil
895 883 982 941 esset
1004 877 1041 940 in
1056 897 1113 956 eo,

211 983 275 1047 nisi
290 983 335 1061 id,
349 988 388 1046 ut
402 1002 458 1066 per
476 1003 554 1045 eum
576 983 770 1061 viveremus,
786 987 858 1044 tam
877 987 997 1046 natura
1010 987 1114 1066 puta·

210 1109 280 1152 rem
302 1088 445 1151 hominis
460 1087 563 1150 vitam
586 1087 771 1167 sustentari,
787 1108 889 1171 quam
903 1087 989 1166 vitis,
1003 1107 1113 1169 quam

212 1192 352 1270 arboris3
375 1192 456 1255 haec
476 1191 564 1254 enim
580 1193 683 1256 etiarn
701 1190 843 1255 dicimus
857 1192 974 1254 vivere
1018 1191 1113 1255 Item

212 1297 242 1360 si
264 1295 345 1359 nihil
368 1296 501 1360 haberet
518 1296 651 1360 animus
671 1295 826 1375 hominis,
841 1295 906 1359 nisi
919 1302 959 1359 ut
973 1301 1111 1381 appete-

210 1406 261 1464 ret
275 1405 334 1464 aut
348 1398 483 1486 fugeret,
493 1401 529 1465 id
543 1423 676 1484 quoque
688 1407 775 1466 esset
789 1402 820 1465 ei
835 1421 1013 1465 commune
1028 1423 1112 1465 cum

212 1505 336 1569 bestiis.

255 1610 307 1673 57.
331 1608 443 1674 Habet
465 1611 607 1694 primum
629 1611 834 1689 memoriam,
850 1616 885 1674 et
905 1630 981 1673 earu
998 1608 1112 1673 infini-

211 1719 282 1778 tam
297 1734 405 1777 rerum
420 1714 725 1777 innumerabilium:
743 1736 846 1798 quam
858 1714 993 1797 quidem
1010 1713 1111 1778 Plato

211 1818 468 1884 recordationem
492 1841 565 1882 esse
586 1819 658 1883 vult
679 1821 767 1883 vitae
789 1820 970 1904 superioris.
1016 1819 1110 1883 Nam

211 1925 247 1989 in
276 1925 332 1988 illo
361 1925 452 2004 libro,
482 1925 540 2008 qui
563 1926 749 1988 inscribitur
777 1909 906 2005 Μένων,
930 1926 1110 2011 pusionem

211 2029 380 2112 quendam
407 2030 558 2093 Socrates
585 2030 764 2115 interrogat
783 2031 949 2114 quaedam
975 2051 1111 2117 geome-

212 2134 294 2197 trica
318 2133 359 2196 de
384 2133 591 2196 dimensione
621 2134 782 2217 quadrati.
837 2135 891 2199 Ad
914 2156 955 2199 ea
981 2137 1030 2199 sic
1051 2135 1110 2199 ille
1203 2202 1204 2209 ,

212 2235 396 2320 respondet,
410 2242 449 2299 ut
464 2257 562 2321 puer;
584 2245 618 2301 et
639 2245 752 2302 tamen
774 2239 825 2302 ita
846 2237 959 2303 faciles
972 2240 1109 2303 interro·

213 2341 363 2425 gationes
388 2347 475 2419 sunt,
502 2347 541 2404 ut
567 2341 729 2426 gradatim
758 2344 959 2429 respondens
987 2345 1109 2408 ecdem

212 2445 389 2530 perveniat,
418 2467 485 2529 quo
516 2447 544 2509 si
581 2449 780 2530 geometrica
816 2448 993 2514 didicisset
1053 2449 1109 2513 Ex

212 2571 279 2634 quo
294 2549 378 2614 effici
393 2550 464 2614 vult
482 2550 644 2631 Socrates,
658 2559 697 2615 ut
711 2553 833 2616 discere
850 2555 934 2618 nihil
948 2554 1039 2618 aliud
1053 2556 1109 2635 sit,

212 2656 276 2718 nisi
290 2654 457 2718 recordari.
506 2654 618 2733 Quem
634 2656 743 2719 locum
765 2657 871 2721 multo
893 2659 995 2722 etiam
1010 2681 1108 2722 accu-

211 2761 314 2823 ratius
340 2759 482 2844 cxplicat
503 2760 538 2824 in
564 2781 604 2823 ec
623 2781 782 2841 sermone,
803 2783 904 2844 quem
925 2764 1044 2827 babuit
1065 2785 1110 2827 eo

211 2863 285 2947 ipso
300 2863 364 2942 die,
379 2885 446 2947 quo
462 2865 602 2928 excessit
616 2885 635 2927 e
650 2866 739 2945 vita3
761 2864 859 2929 docet
877 2868 977 2947 enim,
993 2889 1109 2952 quem·

212 2967 271 3045 vis,
285 2968 344 3048 qui
360 2969 511 3032 omnium
526 2989 634 3031 rerum
649 2969 739 3032 rudis
761 2989 834 3032 esse
848 2969 1007 3052 videatur,
1022 2973 1110 3036 bene

212 3073 425 3156 interroganti
438 3073 692 3158 respondentem
713 3073 884 3155 declarare,
900 3096 936 3138 se
950 3097 1017 3139 non
1032 3082 1109 3141 tum

211 3176 269 3240 illa
284 3175 416 3256 discere,
432 3177 488 3240 sed
513 3178 753 3241 reminiscendo
771 3199 1023 3266 recognoscere3
1045 3203 1111 3246 uec

212 3301 289 3346 vero
304 3280 374 3346 fieri
388 3281 456 3345 ullo
476 3283 577 3346 modo
593 3303 700 3367 posse,
714 3289 752 3346 ut
767 3305 788 3347 a
802 3286 912 3370 pueris
926 3289 978 3349 tot
998 3305 1110 3349 rerum

214 3391 316 3469 atque
332 3390 500 3449 tantarum
518 3387 635 3450 insitas
661 3393 695 3450 et
717 3389 814 3472 quasi
836 3390 1049 3475 consignatas
1072 3390 1112 3452 in

216 3492 336 3556 animis
348 3492 510 3571 notiones,
525 3511 606 3573 quas
623 3477 745 3558 ἐννοίας
758 3501 887 3576 vocant,
902 3497 1111 3576 haberemus,
