2475 4092
399 372 499 416 mssa
521 373 542 414 1.
588 372 658 414 cnr.
680 371 736 414 xx.
984 349 1027 414 25

129 530 239 589 totam
264 532 385 591 terram
405 525 552 590 contueri
576 524 687 588 licebit
707 524 843 608 ejusque
866 546 971 616 quum
987 525 1027 590 si·

130 635 215 710 tum,
231 630 381 711 sormam,
397 631 740 714 circumscriptionem,
756 635 829 693 tum
852 636 886 692 et
901 630 1026 695 habita-

129 736 212 799 biles
227 739 387 822 regiones,
403 743 436 800 ct
449 757 578 800 rursum
595 736 688 798 omni
702 735 795 798 cultu
812 741 943 820 propter
957 737 1025 799 vim

129 838 257 926 frigoris
273 848 332 905 aut
347 842 462 905 caloris
479 839 662 903 vacantes?

173 945 225 1008 46.
250 947 320 1009 Nos
336 947 425 1009 enim
439 966 479 1008 ne
494 966 583 1008 nunc
594 943 731 1026 quidem
744 944 847 1007 oculis
861 944 1026 1008 cernimus

130 1070 180 1129 ea,
196 1072 281 1132 quae
296 1050 469 1113 videmus:
491 1071 599 1131 neque
614 1054 666 1112 est
688 1050 778 1112 enim
801 1049 888 1112 ullus
910 1071 1025 1113 sensus

128 1154 165 1217 in
190 1175 341 1239 corpore:
372 1155 439 1233 sed,
459 1155 511 1240 (ut
531 1174 596 1216 non
622 1153 749 1238 physici
767 1152 875 1217 solum
896 1153 1027 1235 docent,

128 1278 243 1321 verum
260 1261 362 1322 ctiam
378 1258 507 1337 medici,
523 1258 579 1339 qui
603 1257 668 1320 ista
683 1263 796 1341 aperta
811 1262 844 1319 et
859 1257 1026 1341 patefacta

128 1363 303 1450 viderunt)
317 1365 390 1427 viae
406 1364 501 1446 quasi
513 1362 680 1445 quaedam
696 1362 832 1434 suntad
847 1363 969 1441 oculoS,
981 1361 1025 1426 ad
1111 1363 1121 1384 ‘

128 1489 233 1547 aureS,
251 1469 293 1531 ad
308 1491 403 1532 nares
419 1490 440 1531 a
456 1467 532 1532 sede
548 1467 653 1530 animi
672 1466 861 1551 perforatae.
906 1468 1024 1550 Itaque

39 1640 41 1643 ,
129 1593 228 1657 saepe
244 1578 303 1635 aut
325 1574 526 1658 cogitatione
547 1577 607 1634 aut
628 1571 740 1654 aliqua
754 1572 787 1634 vi
802 1573 907 1636 morbi
921 1573 1023 1657 impe-

128 1675 199 1756 diti,
224 1679 343 1760 apertis
367 1683 466 1759 atque
491 1677 627 1761 integris
651 1682 685 1740 et
708 1677 811 1740 oculis
832 1684 865 1740 εὴ
889 1677 1023 1740 auribus

128 1802 190 1844 nec
219 1783 370 1846 videmus
399 1804 461 1847 nec
490 1783 663 1846 audimus:
696 1787 735 1845 ut
763 1781 858 1845 facile
884 1783 1024 1867 intelligi

128 1888 243 1970 possit,
274 1889 424 1951 animum
454 1893 488 1950 ct
516 1887 625 1949 videre
655 1892 689 1950 et
717 1887 839 1966 audire,
870 1909 937 1950 non
967 1909 1024 1952 eas

128 1996 247 2075 partes,
263 2013 349 2074 quae
364 1993 461 2074 quasi
482 1989 643 2054 fenestrae
666 1996 744 2054 sunt
759 1992 879 2071 animi,
902 1993 1023 2074 quibus

127 2099 243 2158 tamen
270 2096 388 2158 sentire
412 2095 494 2158 nihil
514 2100 616 2176 queat
639 2115 743 2172 mens,
758 2094 823 2158 nisi
837 2096 870 2158 id
887 2101 974 2180 agat,
991 2101 1024 2160 et

128 2198 223 2262 adsit
273 2199 390 2277 Quid?
413 2199 504 2282 quod
519 2198 636 2261 eadem
651 2205 762 2262 mente
777 2221 828 2263 res
844 2199 1022 2264 dissimilli·

127 2325 200 2368 mas
224 2305 543 2389 comprehendimus,
566 2309 605 2367 ut
625 2304 776 2383 colorem,
794 2327 953 2390 saporem,
969 2328 1022 2370 ca·

126 2409 238 2487 lorem,
253 2409 397 2488 odorem,
413 2409 558 2473 sonum?
582 2431 668 2492 quae
686 2431 859 2493 nunquam
874 2413 1021 2495 quinque

126 2515 251 2577 nuntiis
278 2515 411 2576 animus
434 2519 653 2598 cognosceret,
669 2514 733 2576 nisi
755 2514 799 2576 ad
814 2536 892 2577 eum
907 2517 1022 2580 omnia

125 2617 325 2698 reserrentur,
341 2623 375 2680 et
388 2619 418 2681 is
433 2620 585 2681 omnium
597 2618 699 2702 judex
715 2618 806 2681 solus
821 2625 916 2683 esset
963 2622 1020 2685 At-

127 2743 191 2803 que
207 2743 247 2785 ca
262 2721 406 2806 prolecto
422 2728 494 2786 tum
511 2722 617 2785 multo
633 2723 764 2808 puriora
779 2729 812 2785 εὴ
826 2720 1021 2784 dilucidiora

127 2832 306 2904 cernentur,
328 2847 442 2910 quum,
463 2848 530 2909 quo
553 2832 673 2890 natura
691 2824 761 2905 sert,
784 2825 865 2887 liber
887 2825 1020 2888 animus

126 2931 315 3013 pervenerit.
358 2931 410 2994 47.
435 2932 524 2994 Nam
549 2952 638 2994 nunc
652 2929 797 3013 quidem,
813 2951 1019 3013 quamquam

126 3032 290 3096 foramina
304 3035 369 3115 illa,
385 3057 470 3118 quae
486 3042 602 3121 patent
616 3036 659 3098 ad
674 3037 825 3098 animum
841 3058 861 3098 a
877 3058 1019 3121 corpore,

126 3137 338 3201 callidissimo
355 3138 490 3202 artificio
513 3145 632 3202 natura
650 3138 808 3202 fabricata
831 3145 889 3220 est,
904 3147 1019 3204 tamen

125 3242 260 3306 terrenis
283 3245 506 3326 concretisque
529 3245 716 3329 corporibus
737 3251 815 3308 sunt
838 3246 1018 3331 intersepta

126 3347 393 3429 quodammod03
427 3370 531 3430 quum
558 3353 672 3411 autem
702 3349 782 3411 nihil
807 3350 867 3412 erit
891 3355 1019 3434 praeter

126 3451 286 3530 animum,
301 3450 392 3514 nulla
414 3474 465 3516 res
481 3453 610 3537 objecta
631 3453 799 3538 impediet,
814 3474 881 3536 quo
905 3454 1017 3518 minus

126 3557 290 3641 percipiat,
306 3557 403 3640 quale
419 3557 564 3641 quidque
580 3559 631 3622 sit.
