2475 4092
207 309 251 374 60
380 299 644 376 ruscuusuaaurl
666 331 938 377 orarurarronurr

206 505 310 568 quam
332 485 380 550 illi
395 488 438 550 ob
456 507 532 550 eam
553 507 623 550 rem
645 487 745 551 beati.
790 485 868 550 Non
893 507 1035 571 possum
1059 507 1128 550 au·

207 595 276 654 tem
292 591 407 670 dicere,
422 613 557 675 quoquo
572 592 674 656 modo
698 591 760 656 hoo
776 591 966 676 accipietur,
984 591 1124 676 Lyeur-

208 715 301 780 gum,
330 694 499 774 Solonem,
524 696 638 782 legum
669 702 702 760 et
729 695 881 781 publicae
910 695 1122 781 discipliuae

207 819 314 862 carere
329 799 447 884 gloria:
470 799 739 880 Themistoclem,
751 800 1032 884 Epaminondam,
1045 799 1121 862 bel·

206 902 289 967 lioae
318 905 457 968 virtutis
518 905 606 968 Auta
636 905 726 968 enim
758 901 967 968 Salaminam
998 904 1124 988 ipsam.

208 1007 386 1092 Neptunus
409 1010 534 1086 obruet,
560 1029 663 1091 quarn
689 1007 866 1072 Salaminii
889 1009 1016 1093 tropaei
1040 1028 1118 1070 rne-

206 1114 369 1192 moriam;
402 1113 559 1198 priusque
596 1113 740 1176 Boeotia
770 1113 912 1176 Leuctra
940 1111 1116 1190 tollentur,

206 1237 309 1299 quarn
325 1238 458 1303 pugnae
481 1217 675 1280 Leuctricae
699 1217 812 1302 gloria.
859 1215 967 1280 Multo
992 1221 1114 1280 autem

205 1320 333 1385 tardius
347 1319 439 1385 fama
452 1321 578 1385 deseret
597 1321 746 1399 Corium,
762 1320 963 1399 Fabricium,
982 1319 1114 1384 Calati-

206 1444 299 1501 num,
314 1424 382 1487 duo
407 1423 589 1509 Scipiones,
607 1423 676 1487 duo
700 1421 882 1502 Africanos,
908 1422 1114 1502 Maximum,

210 1527 413 1608 Marcellum,
439 1528 603 1607 Paullum,
629 1529 803 1608 Catonem,
827 1527 991 1607 Laelium,
1009 1529 1113 1592 innu-

206 1633 379 1698 merabiles
400 1633 500 1697 alios:
523 1655 665 1716 quorum
686 1633 938 1698 similitudinem
958 1633 1111 1716 aliquam

206 1739 265 1822 qui
287 1739 467 1824 arripuerit,
482 1759 549 1802 non
572 1760 649 1802 earn
673 1736 764 1802 lama
779 1737 940 1824 populari,
956 1738 1015 1803 sed
1029 1759 1112 1803 vera

205 1845 368 1908 bonorum
383 1843 483 1907 laude
504 1844 655 1922 metiens,
672 1841 787 1906 fidenti
804 1844 927 1922 animo,
942 1844 971 1908 si
990 1845 1040 1906 ita
1055 1865 1109 1908 res

205 1945 295 2027 seret,
310 1948 478 2033 gradietur
493 1946 536 2011 ad
552 1953 705 2026 mortem,
720 1948 755 2011 in
770 1969 838 2031 qua
853 1953 913 2012 aut
934 1969 1109 2012 summum

205 2053 343 2129 bonum,
373 2057 433 2114 aut
460 2051 589 2114 nullum
619 2051 748 2114 malum
777 2073 850 2116 esse
879 2053 1108 2136 cognovimus.

208 2153 372 2218 Secundis
386 2176 463 2219 vero
480 2156 549 2218 suis
563 2159 661 2219 rebus
677 2156 765 2220 volet
785 2157 888 2220 etiarn
911 2158 1014 2236 mori;
1037 2179 1108 2222 non

206 2260 295 2322 enim
310 2265 383 2323 tarn
408 2259 561 2324 cumulus
581 2263 745 2325 bonorum
768 2261 936 2346 jucundus
960 2283 1033 2326 esse
1048 2283 1107 2347 po·

205 2368 281 2442 test,
308 2385 411 2446 quam
441 2364 581 2428 molesta
607 2365 762 2428 decessio.
808 2365 880 2429 111.
904 2365 1002 2429 Hanc
1033 2387 1106 2430 sen-

205 2469 346 2533 tentiam
360 2467 545 2554 siguificare
567 2469 697 2533 videtur
718 2468 862 2534 Laconis
877 2470 933 2535 illa
947 2492 1021 2550 vox,
1038 2473 1105 2554 qui,

204 2595 311 2657 quum
335 2574 486 2638 Rhodius
511 2573 684 2659 Diagoras,
703 2574 952 2659 Olympionices
976 2576 1104 2656 nobilis,

204 2700 274 2743 uno
288 2680 342 2743 die
358 2679 425 2743 duo
446 2699 524 2742 suos
547 2678 633 2742 lilios
655 2679 794 2742 victores
812 2678 991 2765 Olympiae
1006 2679 1103 2744 vidis·

205 2789 264 2861 set,
291 2785 430 2847 accessit
459 2783 503 2846 ad
532 2804 646 2847 senem
678 2788 712 2845 et
741 2781 935 2866 gratulatus,
963 2783 1102 2864 Morere,

206 2885 367 2969 Diagora,
391 2888 517 2970 inquit;
539 2907 604 2952 uon
629 2887 767 2950 enimin
790 2888 914 2950 eaelum
934 2887 1102 2952 adscensu·

203 3009 260 3054 rus
275 3010 318 3054 er.
364 2989 492 3076 Magna
514 2992 596 3054 haec
612 2997 647 3053 et
663 2990 806 3052 nimium
829 2988 967 3054 fortasse
984 2991 1102 3056 Graeci

204 3098 334 3178 putant,
364 3094 415 3157 vel
445 3101 518 3159 turn
548 3095 661 3180 potius
691 3097 876 3178 putabant3
909 3095 1014 3178 isque,
1044 3097 1101 3177 qui

204 3197 267 3261 hoo
290 3196 454 3283 Diagorae
469 3200 561 3278 dixit,
577 3219 797 3284 permagnum
820 3200 1022 3277 existimans,
1037 3206 1100 3264 tres

207 3303 459 3388 Olympionicas
485 3326 554 3368 una
574 3325 593 3366 e
612 3303 715 3366 domo
740 3303 877 3387 prodire,
900 3305 1047 3368 cunctari
1064 3304 1099 3368 il·

203 3406 274 3470 lum
298 3407 425 3470 diutius
448 3408 483 3471 in
508 3409 587 3487 vita,
607 3406 759 3472 lortrmae
784 3408 962 3492 objectum,
984 3408 1098 3472 inutile

205 3513 346 3595 putabat
360 3511 434 3594 ipsi.
