2475 4092
356 369 456 412 1111111
478 369 499 411 1.
545 370 614 412 cnr.
638 369 694 412 xv.
717 368 786 412 xvr.
973 348 1015 413 19

164 519 215 585 35.
242 522 345 600 Quod
369 523 397 586 si
418 523 567 586 omnium
588 543 768 586 consensus
791 528 927 614 naturae
950 544 1014 587 vox

121 632 180 706 est,
196 648 385 709 omnesque,
401 628 458 709 qui
473 628 596 710 ubique
612 633 698 706 suut,
714 628 925 692 consentiunt
942 649 1013 692 esse

121 731 257 812 aliquid,
269 731 358 813 quod
374 732 416 795 ad
432 753 488 794 eos
504 733 672 816 pertineat,
685 731 743 813 qui
756 732 826 794 vita
840 734 1013 796 cesserint:

121 836 217 897 nobis
241 856 373 917 quoque
398 835 488 898 idem
514 835 771 898 existimandum
796 841 854 898 est
907 836 954 900 Et
976 838 1014 916 si,

122 960 263 1022 quorum
280 946 339 1002 aut
354 940 488 1024 ingenio
506 945 565 1003 aut
579 941 700 1002 virtute
722 940 854 1002 animus
876 940 1014 1020 excellit,

122 1065 179 1106 eos
200 1045 401 1122 arbitramur,
417 1044 496 1125 quia
511 1049 630 1106 natura
650 1044 777 1128 optima
796 1043 871 1122 sint,
886 1065 1014 1109 cernere

121 1154 258 1211 naturae
288 1149 356 1211 vim
388 1149 550 1212 maxime:
587 1149 654 1210 veri
685 1147 791 1211 simile
821 1154 880 1227 est,
909 1171 1013 1231 quum

121 1253 267 1337 optimus
283 1242 427 1335 quisque.
437 1253 580 1316 maxime
596 1253 779 1338 posteritati
800 1254 926 1333 serviat,
942 1275 1013 1317 esse

121 1358 256 1440 aliquid,
272 1358 367 1442 cujus
391 1359 420 1420 is
442 1364 519 1444 post
533 1364 673 1421 mortem
699 1379 834 1422 sensum
856 1359 900 1422 sit
923 1359 1012 1423 habi-

119 1468 222 1526 turus.

164 1567 258 1630 XVI.
302 1567 354 1630 36.
379 1566 446 1630 Sed
461 1572 500 1630 ut
515 1567 594 1630 deos
610 1587 680 1630 esse
697 1574 815 1631 natura
830 1569 1013 1653 opinamur,

120 1673 300 1755 qualesque
330 1673 406 1751 sint,
431 1673 558 1736 ratione
588 1673 840 1756 cognoscimus;
871 1674 918 1736 sic
943 1695 1012 1757 per·

120 1796 252 1838 manere
282 1776 411 1838 animos
434 1775 627 1838 arbitramur
650 1795 813 1837 consensu
838 1776 1012 1839 nationum

121 1878 292 1940 omnium:
315 1878 431 1958 quain
453 1877 530 1940 sede
553 1882 720 1954 maneant,
735 1877 913 1958 qualesque
936 1879 1012 1957 sint,

120 1981 246 2043 ratione
272 1979 465 2042 discendum
493 1986 551 2043 est.
600 1979 705 2062 Cujus
730 1981 894 2063 ignoratio
917 1979 1013 2046 finxit

119 2082 241 2147 inferos
267 2104 389 2165 easque
412 2081 612 2163 formidines
636 2104 719 2165 quas
744 2089 781 2147 tu
804 2090 1011 2149 contemnere

119 2210 187 2252 non
213 2189 284 2252 sine
308 2210 411 2251 causa
433 2188 595 2252 videbare.
640 2189 679 2252 In
701 2193 819 2251 terram
844 2190 932 2254 enim
958 2213 1010 2254 ca·

118 2293 273 2358 dentibus
300 2293 497 2377 corporibus,
519 2293 626 2374 iisque
651 2293 743 2357 lrumo
768 2294 872 2373 tectis,
898 2315 917 2356 e
943 2316 1010 2378 quo

118 2398 244 2461 dictum
261 2403 311 2460 est
325 2398 457 2476 1111111111,
473 2398 534 2460 sub
549 2402 632 2461 terra
653 2400 831 2462 censebant
850 2397 1009 2482 reliquam

118 2504 221 2566 vitam
252 2503 307 2588 agi
333 2507 546 2566 mortuorum.
603 2501 716 2579 Quam
741 2523 854 2566 eorum
884 2504 1010 2588 opinio·

117 2629 194 2672 nem
221 2608 337 2692 magni
355 2627 474 2672 errores
498 2607 667 2669 consecuti
693 2612 778 2685 sunt,
804 2628 888 2689 quos
912 2629 1010 2671 auxe-

117 2718 193 2776 runt
207 2716 334 2798 poetae.
378 2711 429 2775 37.
451 2710 619 2792 Frequens
635 2710 724 2774 enim
746 2731 919 2775 consessus
940 2713 1010 2775 the·

119 2817 190 2896 atri,
204 2818 238 2880 in
264 2838 330 2900 quo
352 2821 430 2880 sunt
452 2814 664 2878 mulierculae
687 2820 721 2878 et
743 2815 845 2899 pueri,
860 2823 1010 2884 movetur

119 2920 258 2984 audiens
273 2928 344 2985 tam
359 2920 483 3006 grande
499 2940 649 2984 carmen:

152 3045 253 3107 Adsum
265 3061 336 3122 atque
348 3053 451 3105 advenio
463 3043 607 3106 Acherunte
617 3052 671 3118 1111,
683 3053 726 3105 uin
737 3053 789 3105 aua
800 3061 873 3122 atqrre
884 3053 974 3122 trdus,

151 3141 207 3194 Per
218 3140 356 3208 speluncas,
369 3139 439 3193 sitris
450 3148 558 3194 structos
570 3139 678 3210 speres,
688 3139 862 3208 pudentius,

151 3228 294 3294 nummu,
306 3228 346 3282 uu
359 3228 447 3299 ugido
458 3237 554 3282 constat
567 3229 653 3283 cussa
665 3229 748 3299 soligo
759 3227 888 3298 trfferum:

117 3357 317 3434 tantumque
343 3349 448 3413 valuit
471 3371 563 3430 error,
586 3350 645 3432 qui
669 3351 752 3414 mihi
774 3351 910 3434 quidem
936 3351 1008 3436 jam

118 3457 267 3520 sublatus
282 3455 419 3533 videtur,
433 3459 481 3533 ut,
496 3475 629 3539 corpora
652 3461 797 3519 cremata
820 3476 924 3538 quum
948 3455 1008 3518 sci·

117 3568 196 3643 rent,
211 3567 323 3626 tamen
341 3581 381 3624 ea
402 3559 472 3624 fieri
488 3560 578 3645 apud
599 3559 718 3624 inferos
739 3559 907 3646 fingerent,
923 3581 1008 3643 quae
