2475 4092
296 365 386 407 aoou
411 365 517 408 emsa.
562 365 658 408 cuae.
681 364 774 407 xnvr.
795 363 901 405 xuvu.
991 341 1054 405 177

193 518 349 572 Calatinum.
386 516 440 571 See
450 519 596 586 caprarii.
609 518 757 572 13.-Duo
770 514 909 585 Scipionen
944 516 992 569 Cn.
1005 517 1055 571 and

150 604 273 660 Publius.
305 607 402 675 Sama,
415 607 517 659 xxxvii.
529 609 571 660 89.
580 638 614 649 -
623 608 776 660 Merinum
813 604 846 669 Q.
860 603 959 657 Fabius
971 604 1057 658 Maxi·

149 709 212 745 mus
225 690 396 755 Verrucosus,
407 691 598 746 Cunctator.-
606 694 766 747 Marcellum.
796 691 834 744 M.
847 690 975 743 Claudius
987 691 1057 744 Mar·

150 779 244 832 cellns.
275 779 372 848 Supra,
385 780 485 833 xxxvii.
495 781 724 834 tib-Paullum.
755 778 786 832 L.
796 776 925 831 AEmilius
937 776 1055 844 Paullus,

151 866 215 919 who
231 866 277 919 fell
289 877 316 918 at
329 865 434 920 Cauuae.
444 896 481 907 -
494 870 624 921 Catanen.
662 869 701 921 M.
720 866 829 920 Porcius
846 865 921 930 Cato,
934 863 1056 935 Sapiens,

152 952 486 1007 Censorius-Laelium.
524 954 556 1007 C.
571 953 677 1019 Laelius,
692 954 814 1023 Sapiens.

189 1040 324 1094 Deoessio:
343 1042 389 1094 tha
400 1042 522 1107 decreuse,
534 1043 739 1111 disuppeorance.

164 1149 172 1163 ·
192 1135 250 1184 111.
269 1130 414 1201 Diagoras.
450 1128 524 1198 Very
541 1130 688 1183 celebrated
707 1130 748 1182 ior
768 1130 810 1181 his
828 1128 948 1183 victorias
968 1129 995 1183 iu
1012 1129 1058 1182 tha

155 1218 267 1271 Grecian
281 1235 381 1287 gemes.
417 1216 470 1269 See
484 1216 589 1282 Pindar,
608 1216 710 1287 Olymp.
722 1216 784 1269 Vll.

189 1306 254 1359 Duo
266 1324 326 1358 suos
332 1306 422 1373 filios:
448 1305 506 1359 Two
519 1304 599 1377 osiris
610 1322 672 1358 sons
687 1307 745 1375 (not
756 1307 796 1359 bis
808 1314 857 1359 two
869 1308 954 1376 sons).

191 1392 253 1445 Non
274 1395 339 1445 enim
363 1395 391 1445 in
414 1394 509 1444 coelum
530 1393 699 1445 adscensurus
718 1410 753 1445 es.
797 1398 816 1424 “
826 1393 864 1447 H.
885 1410 910 1446 e.
930 1410 1059 1446 summam

155 1479 269 1533 hominis
289 1479 441 1532 felicitatem
462 1490 556 1533 nactus
575 1498 614 1545 es,
638 1497 686 1532 nec
710 1480 808 1549 majore
831 1482 930 1549 poteris
949 1480 1057 1549 potiri.”

156 1568 199 1621 Cf.
221 1567 296 1621 Pind.
315 1568 393 1637 Pyaen
411 1567 448 1621 X.
466 1570 517 1623 27:
535 1568 564 1622 ‘O
585 1570 698 1639 χάλκεος
715 1568 820 1640 οὐρανὸς
838 1568 924 1623 οὔπστ’
945 1569 1060 1639 ἀμβατὸς

155 1678 233 1727 αυτῳ.

192 1744 231 1796 Et
242 1740 354 1795 nimium
357 1743 484 1813 straturae.
520 1747 538 1773 “
552 1742 617 1796 Scil.
631 1760 742 1814 magnac,
755 1743 772 1796 i.
785 1760 808 1796 e.
821 1744 928 1812 majora,
940 1760 1019 1811 quam
1031 1761 1059 1797 re

156 1830 324 1882 verasunt.'’
361 1828 484 1883 Kiihner.

193 1914 306 1969 Inutile:
328 1915 486 1987 dungcroua.
525 1916 567 1970 De
589 1917 642 1987 Off.
663 1915 698 1970 11.
718 1917 771 1970 xiv.
791 1921 840 1971 49:
865 1915 1021 1971 seditiosum
1036 1922 1060 1971 ei

156 2002 278 2057 inutilem
291 2001 378 2057 ciuem.
415 2003 524 2057 Litotes.

192 2092 303 2146 Noamet
320 2092 393 2162 ipsos
411 2108 510 2157 umore,
529 2091 613 2144 “scil.
632 2090 717 2160 magis
734 2108 812 2159 quam
828 2109 874 2144 eos
891 2110 957 2160 quos
974 2094 1060 2149 amisi-

157 2180 250 2232 mus.'’
287 2178 363 2232 Luci,
376 2179 412 2231 iii.
430 2182 477 2231 10:
498 2176 604 2231 “Nihil
616 2178 678 2232 mali
695 2178 820 2231 accidisse
837 2179 965 2248 Scipioni,
978 2190 1060 2250 puto;

158 2267 223 2319 mihi
236 2266 337 2331 accidit,
351 2265 447 2333 siquid
459 2265 568 2328 accidit;
588 2267 645 2318 auia
656 2278 744 2319 autem
762 2267 931 2321 incommodis
948 2270 1061 2337 graviter

158 2354 231 2423 angi,
245 2372 297 2407 non
315 2354 438 2419 amicum,
451 2353 495 2406 scd
512 2370 542 2405 sc
560 2355 647 2422 ipsum
665 2355 776 2407 amantis
793 2356 866 2408 eat.”
903 2357 982 2410 Brut.
997 2357 1058 2410 id:

160 2446 178 2472 “
189 2440 264 2494 Illius
281 2440 442 2509 (Hortensii)
459 2458 520 2493 vero
538 2441 629 2493 mortis
647 2443 865 2510 opportunitatem
883 2444 1062 2497 benevolentia

160 2528 247 2597 potius
263 2544 341 2594 quam
358 2526 533 2579 misericordia
552 2544 748 2595 prosequamur,
761 2538 801 2593 ut,
813 2530 1017 2597 quotiescunque
1028 2530 1061 2583 de

159 2614 303 2668 clarissimo
321 2624 348 2667 et
366 2614 514 2667 beatissimo
533 2617 586 2666 viro
607 2615 763 2682 cogitemus,
782 2615 856 2668 illum
876 2618 963 2685 potius
983 2634 1062 2685 quam

160 2712 262 2755 nosmet
275 2702 346 2770 ipsos
358 2701 467 2769 diligere
480 2701 619 2753 videamur.
655 2700 727 2753 Nam
738 2702 762 2753 ai
774 2701 798 2754 id
812 2703 940 2769 dolemus,
949 2705 1017 2772 quod
1029 2723 1061 2759 eo

157 2790 212 2859 jam
230 2788 282 2842 frui
299 2789 374 2841 uobis
391 2787 524 2852 nonlicet,
538 2799 653 2840 nostrum
666 2799 707 2840 est
719 2788 744 2840 id
756 2790 863 2854 malum,
876 2791 943 2856 quod
962 2792 1063 2845 modIcc

159 2878 284 2941 seramus,
296 2893 330 2928 ue
342 2876 368 2928 id
381 2892 432 2928 non
444 2874 477 2927 ad
490 2875 631 2927 amicitiam
643 2876 689 2928 sed
701 2874 732 2926 ad
745 2875 913 2929 domesticam
925 2879 1062 2932 utilitatem

159 2964 257 3016 referre
269 2962 435 3015 videamur.”

196 3047 325 3122 Longior.
367 3048 432 3102 Scil.
444 3047 519 3119 justo
540 3047 647 3116 (Horat
672 3048 730 3104 Sat.
752 3048 774 3103 I.
794 3050 813 3103 i.
834 3052 894 3121 57).
934 3053 990 3107 Τοο
1008 3052 1061 3125 dis·

151 3140 227 3212 susc,
240 3137 349 3192 tedicus.

197 3222 311 3278 XLVII.
351 3225 410 3276 112.
429 3220 580 3291 Perfectum
591 3224 865 3288 est,nt....duccram.
903 3225 956 3279 See
967 3242 1061 3297 snpra,

161 3328 188 3381 p.
205 3316 264 3376 lll,
277 3321 338 3365 note
350 3328 384 3363 on
396 3309 560 3363 caderemus.

197 3399 341 3453 Rhetorum
358 3396 491 3469 epilogum
509 3402 528 3428 ‘⁶
539 3414 585 3466 per
600 3397 832 3466 breviloquentiam
843 3399 940 3455 dictum
953 3412 993 3455 est
1005 3420 1062 3473 pro,

162 3492 170 3518 ⁴
180 3488 322 3556 epilogum,
334 3485 426 3554 quales
437 3484 554 3541 rhetores
565 3501 719 3554 componere
735 3487 821 3541 solent
832 3488 860 3541 iu
871 3489 1063 3545 declamationi·

162 3575 261 3628 bus.’·'

459 3641 501 3706 12
