2475 4092
228 338 274 404 54
403 359 667 405 ‘roscemannus
689 361 962 422 n1s1³nrar10rrun

229 519 355 600 geritur,
370 535 433 579 nec
454 515 617 601 mihiipsi
637 515 700 579 hoc
724 513 845 580 accidit
864 511 1009 578 fortuito.
1059 513 1148 579 Nec

228 639 305 682 vero
328 641 391 706 ego
413 621 465 700 iis,
487 641 510 684 a
534 621 656 702 quibus
681 625 856 684 accusatus
877 624 936 682 aut
960 641 982 683 a
1004 619 1147 702 quibus

227 723 470 789 condemnatus
484 745 570 804 sum,
585 725 691 788 habeo
709 723 801 807 quod
822 743 1049 803 succenseam,
1066 724 1142 786 nisi

228 827 319 910 quod
333 829 416 892 mihi
430 849 546 892 nocere
561 849 597 891 se
611 827 843 892 credidernnt”
890 825 936 890 Et
958 827 1044 890 haec
1060 827 1142 909 qui·

227 931 305 996 dem
329 933 393 996 hoe
406 932 517 997 modo.
563 931 655 996 Nihil
678 937 792 996 autern
817 929 934 994 melius
958 936 1140 994 extremo:

227 1045 247 1080 “
260 1037 329 1103 Sed
345 1043 479 1124 tempus
502 1039 581 1118 est,”
595 1039 714 1121 inquit,
729 1037 824 1122 “jam
848 1037 924 1100 hinc
947 1037 1040 1100 abire
1065 1057 1140 1116 me,

227 1149 268 1208 ut
285 1143 424 1223 moriar,
446 1163 516 1222 vos,
529 1147 569 1206 nt
584 1143 688 1206 ritem
704 1142 821 1227 agetis.
868 1139 988 1205 Utrum
1009 1146 1138 1204 autem

228 1248 272 1312 sit
285 1246 414 1327 melius,
428 1247 476 1310 dii
490 1245 693 1311 immortales
717 1247 845 1326 sciunt3
867 1245 1041 1310 hominem
1057 1246 1138 1329 qui·

228 1352 305 1417 dem
321 1352 401 1415 scire
423 1351 559 1415 arbitror
580 1351 777 1414 neminem.”

272 1455 381 1519 XLII.
400 1455 474 1520 Nae
489 1476 551 1542 ego
564 1455 653 1519 haud
669 1454 782 1540 paullo
793 1455 881 1518 hunc
892 1453 1046 1518 animum
1059 1475 1136 1520 ma·

227 1558 297 1638 lim,
312 1580 414 1642 quam
438 1581 553 1623 eorum
579 1559 731 1623 omnium
751 1557 908 1637 fortunas,
923 1557 982 1641 qui
1006 1558 1050 1622 de
1065 1559 1136 1623 hoc

224 1663 473 1748 judicaverunt:
496 1663 569 1742 etsi,
583 1663 675 1746 quod
690 1668 817 1748 praeter
832 1662 912 1726 deos
928 1667 1030 1747 neget
1046 1663 1134 1726 scire

227 1789 442 1852 quemquam,
455 1767 491 1832 id
505 1769 567 1832 scit
589 1768 670 1852 ipse,
684 1773 797 1832 utrum
817 1767 862 1831 sit
884 1765 1023 1846 melius,
1046 1788 1133 1832 nam

228 1872 313 1937 dixit
326 1879 426 1954 ante;
446 1874 505 1937 sed
526 1893 624 1937 sunm
648 1872 739 1952 illud,
754 1870 836 1936 nihil
858 1877 897 1936 ut
915 1869 1067 1949 affirmet,
1081 1877 1131 1934 te-

228 1983 286 2041 net
309 1977 353 2041 ad
376 1984 569 2042 extremum.
616 1978 688 2042 100.
711 1977 781 2042 Nos
803 1983 917 2041 eutem
940 1981 1132 2053 teneamus,

228 2087 269 2145 ut
283 2081 365 2145 nihil
387 2103 583 2147 censeamus
606 2103 679 2147 esse
705 2081 844 2161 malurn,
859 2080 949 2164 quod
972 2081 1017 2144 sit
1031 2101 1053 2144 a
1068 2101 1130 2144 na·

228 2191 304 2249 tura
326 2185 445 2248 datum
469 2188 634 2267 omnibus,
659 2185 959 2272 intelligamusque,
984 2185 1012 2249 si
1036 2205 1129 2248 more

229 2288 357 2352 malum
387 2290 439 2369 sit,
469 2311 541 2354 csse
571 2293 809 2376 sempiternum
838 2289 975 2354 malum.
1036 2289 1129 2353 Nam

229 2393 319 2455 vitae
342 2393 481 2457 miserae
506 2417 595 2459 mors
618 2394 695 2460 finis
719 2417 790 2458 esse
810 2393 957 2475 videtur;
989 2414 1077 2458 mors
1100 2393 1130 2458 si

229 2504 280 2562 est
295 2497 424 2577 misera,
440 2497 514 2563 finis
530 2521 602 2563 esse
618 2499 728 2564 nullus
748 2505 867 2584 potest.

275 2602 343 2667 Sed
372 2602 452 2686 quid
483 2625 546 2688 ego
579 2604 751 2669 Socratem
781 2609 841 2668 ent
872 2602 1128 2681 Theramenem,

229 2713 433 2794 praestantes
462 2709 548 2772 viros
577 2709 708 2772 virtutis
738 2713 771 2771 et
801 2707 983 2792 sapientiae
1012 2705 1125 2791 gloria,

229 2811 480 2876 commemoro?
516 2834 623 2896 quum
662 2809 949 2876 Lacedaemonius
979 2808 1126 2892 quidem,

229 2915 324 2998 cujus
350 2937 391 2980 ne
416 2938 538 2980 nomen
562 2917 699 3000 quidem
717 2915 885 3001 proditum
903 2919 962 2994 est,
985 2919 1125 2978 mortem

228 3024 324 3083 tanto
346 3042 444 3106 opere
465 3022 709 3106 contempserit,
724 3025 772 3100 ut,
787 3039 892 3103 quum
915 3019 957 3082 ad
977 3039 1051 3082 eam
1067 3017 1125 3082 du·

228 3130 362 3204 ceretur,
385 3125 566 3190 damnatus
596 3128 640 3190 ab
670 3125 823 3209 Ephoris,
853 3129 887 3187 et
915 3129 1004 3187 esset
1032 3122 1125 3186 vultu

228 3226 323 3290 hilari
348 3234 448 3311 utque
474 3229 571 3310 laeto,
586 3229 789 3311 dixissetque
805 3229 836 3291 ei
857 3227 996 3311 quidam
1019 3225 1123 3289 inimi-

228 3353 297 3410 cus,
334 3331 552 3400 &monnicae
580 3337 668 3419 leges
700 3333 877 3417 Lycurgi?
914 3331 1123 3416 responderit,

228 3435 304 3520 Ego
319 3457 394 3502 vcro
409 3440 459 3502 illi
473 3441 645 3503 maximam
663 3440 806 3523 gratiam
828 3437 938 3515 liabeo,
954 3438 1123 3516 quinceu

222 3559 330 3618 poeno
355 3543 545 3621 multaverit,
568 3563 661 3621 ortam
686 3545 754 3606 cine
780 3541 974 3605 mutuatione
998 3547 1029 3605 ct
1056 3541 1120 3604 riae
