2475 4092
358 337 460 380 nmen
482 336 505 381 r.
553 337 624 380 cnr.
646 337 762 381 xxxvi.
964 315 1008 380 47

22 526 35 572 ,-
107 490 234 575 opin0r‚
257 488 471 553 incommoda
492 494 570 553 sunt
593 491 756 555 carentis:
779 497 868 555 earet
894 488 1009 568 oeulis,

26 613 34 674 i
106 595 225 659 odiosa
252 595 415 674 caecitas;
437 594 556 674 liberis,
579 596 711 659 orbitas.
757 595 860 659 Valet
887 596 1009 659 hocin

22 721 29 781 ,i
105 700 211 779 vivis;
233 705 439 763 mortuorum
461 706 575 764 autem
600 721 667 763 non
691 701 794 764 modo
817 701 906 763 vitae
921 721 1009 789 cem·

22 845 33 888 5
105 805 227 883 modis,
244 803 303 867 sed
323 824 366 866 ne
381 805 450 868 vita
462 804 598 886 quidem
614 805 688 889 ipsa
710 807 890 890 quisquam
913 811 1010 870 caret

26 931 34 994 :²
107 907 161 974 De
188 907 327 971 mortuis
353 907 479 990 loquor,
505 909 565 991 qui
593 909 676 973 nulli
702 917 788 974 sunt.
845 910 928 990 Noe,
952 909 1011 992 qui

22 1041 33 1100 ³1
107 1034 237 1092 sumne,
252 1013 348 1092 num,
360 1018 420 1076 aut
443 1014 471 1076 si
487 1015 640 1077 cornibus
666 1036 829 1097 caremus,
844 1020 905 1078 aut
932 1035 1011 1099 pen·

30 1181 32 1188 ,
106 1118 170 1196 nis,
186 1118 230 1181 sit
244 1117 353 1200 quiid
367 1117 510 1182 dixerit?
558 1118 654 1182 Certe
673 1141 782 1182 nemo,
830 1119 923 1197 Quid
937 1116 1010 1183 ital

28 1275 31 1302 ,
112 1221 215 1301 Quia,
230 1242 336 1304 quum
359 1221 395 1284 id
414 1243 481 1285 non
503 1223 636 1303 habeas,
651 1224 739 1305 quod
763 1224 825 1287 tibi
848 1245 909 1286 nee
934 1244 1010 1302 usu,

27 1307 30 1336 ⁷
108 1349 171 1392 nee
204 1332 323 1390 natura
360 1327 403 1390 sit
432 1333 560 1412 aptum,
590 1349 659 1391 non
696 1349 818 1408 careas,
847 1329 951 1391 etiarn
981 1327 1012 1391 si

22 1417 26 1498 s,
109 1433 234 1497 sentias
263 1437 296 1495 te
327 1453 394 1496 non
421 1433 548 1497 habere.
607 1433 658 1496 88.
693 1433 768 1497 Hoe
794 1434 1012 1518 premendum

22 1597 29 1628 π
108 1538 212 1601 etiam
237 1543 338 1620 atque
356 1539 458 1602 etiam
482 1545 532 1602 est
555 1545 801 1624 argumentum,
817 1537 1013 1602 confirmato

108 1642 176 1722 ille,
192 1642 233 1705 de
248 1663 325 1724 qu0‚
342 1643 370 1704 si
386 1643 541 1706 mortales
558 1644 663 1707 animi
679 1649 766 1723 sunt,
778 1643 929 1707 dubitare
946 1664 1014 1706 non

110 1767 300 1833 possumus,
315 1747 396 1830 quin
411 1753 525 1811 tantus
549 1748 702 1811 interitus
728 1747 764 1810 in
788 1755 893 1810 morte
909 1748 961 1825 sit,
976 1752 1016 1810 ut

22 1843 27 1928 ζ
110 1871 154 1914 ne
174 1851 315 1913 minima
330 1851 465 1934 quidem
490 1853 635 1936 suspicio
656 1873 774 1915 sensns
792 1851 1016 1934 relinquatur;

22 1937 27 2024 l
112 1964 177 2027 hoc
191 1963 292 2048 igitur
316 1965 416 2048 probe
441 1963 587 2027 stabilito
603 1969 638 2026 et
652 1962 728 2042 fixo,
742 1963 825 2027 illud
851 1963 1016 2026 excutien-

22 2049 26 2059 ’
112 2068 268 2146 demeat,
284 2074 322 2131 ut
343 2068 474 2146 sciatur,
489 2067 570 2150 quid
593 2067 638 2130 sit
656 2088 776 2147 cerere,
791 2087 833 2130 ne
854 2066 1017 2150 relinqua-

22 2231 23 2240 ,
112 2179 166 2237 tur
192 2171 318 2254 ahquid
339 2172 451 2235 erroris
473 2172 509 2234 in
535 2174 643 2234 verbo.
691 2171 808 2236 Carere
828 2172 929 2256 igitur
955 2172 1017 2235 hoe

22 2263 23 2342 s
113 2273 301 2362 significat:
333 2297 427 2360 egere
455 2296 504 2354 e0,
529 2275 620 2358 quod
647 2276 765 2339 habere
791 2276 881 2339 velis.
927 2275 1019 2339 Inest

113 2382 204 2444 enim
219 2380 302 2444 velle
316 2380 352 2443 in
368 2380 529 2443 carendo:
553 2380 632 2465 (nisi
650 2401 755 2462 quum
771 2381 827 2459 sie,
841 2386 1017 2462 tamquam

113 2487 148 2549 in
164 2484 254 2565 febri,
269 2485 397 2564 dieitur,
413 2485 479 2548 alia
494 2485 643 2566 quadarn
659 2486 795 2548 notione
810 2485 917 2548 verbi:
939 2485 1019 2548 dici·

113 2597 168 2654 tur
190 2591 279 2652 enim
301 2589 367 2652 alio
390 2589 610 2652 modoetiam
631 2609 870 2671 castere„quum
893 2588 1020 2671 aliquid

115 2715 182 2757 non
199 2693 332 2772 babeas,
348 2698 382 2756 et
397 2715 465 2757 non
489 2694 607 2757 habere
622 2698 656 2756 te
673 2693 806 2772 sentiae,
824 2693 926 2755 etiam
942 2693 971 2756 si
984 2692 1021 2758 id

115 2796 210 2861 facile
225 2798 350 2882 patiare
361 2797 382 2882 ι)
408 2817 517 2861 canere
533 2797 567 2859 in
585 2802 691 2859 morte
714 2817 782 2860 non
797 2796 934 2876 dicitur;
957 2817 1019 2861 nee

116 2901 206 2964 enirn
229 2907 316 2964 esset
330 2900 530 2981 dolendum
553 2900 778 2965 diciturillud
801 2902 883 2965 boreo
899 2922 1018 2983 carere,

117 3004 206 3089 quod
233 3011 284 3069 est
307 3005 445 3069 malurn.
492 3004 558 3072 Sed
581 3027 623 3069 ne
647 3007 743 3069 vivus
771 3005 907 3088 quidem
931 3008 1021 3071 bono

117 3114 214 3190 earet,
241 3110 270 3174 si
293 3131 333 3172 eo
357 3132 423 3174 non
450 3110 586 3196 indiget.
634 3110 702 3174 Sed
728 3110 764 3174 in
784 3111 859 3173 vivo
877 3111 1021 3198 intelligi

117 3220 229 3278 tamen
258 3218 377 3299 potest,
399 3235 501 3300 regno
521 3220 555 3278 te
577 3234 707 3294 carere,
729 3214 796 3278 dici
816 3221 931 3279 autern
957 3217 1021 3281 boe

117 3320 152 3385 in
167 3325 200 3383 te
216 3320 297 3383 satis
321 3301 483 3383 subtiliter
504 3341 572 3382 non
596 3324 727 3404 potest;
749 3326 863 3404 posset
884 3322 920 3384 in
941 3320 1020 3384 Tar·

118 3424 243 3508 quinio,
255 3444 361 3506 quum
375 3443 478 3508 regno
490 3428 577 3486 esset
592 3423 749 3508 expulsus
762 3443 770 3503 ;
792 3431 828 3489 et
841 3427 877 3489 in
890 3430 1021 3489 mortuo

119 3549 161 3591 ne
182 3526 323 3614 intelligi
346 3526 503 3611 quidem3
526 3545 634 3590 carere
655 3527 745 3591 enim
763 3529 938 3593 sentientis
961 3532 1023 3609 est,
