2475 4092
241 321 285 386 52
416 342 679 386 ruecunauaauu
701 341 971 386 ursrurnrrouuu

240 497 462 581 exspectando
487 502 523 560 et
551 493 768 560 desiderando
793 496 977 581 pendemus
1008 496 1154 574 animis,

239 602 433 681 cruciamur,
455 601 626 686 angimur3
650 600 770 686 prodii
791 599 1011 666 immortales!
1037 622 1152 684 quam
1219 679 1220 682 Ἴ

238 708 322 773 illud
349 710 411 773 iter
435 709 623 794 jucundum
654 731 724 772 esee
754 709 862 789 debet,
892 731 959 792 quo
986 709 1149 774 consecro
1219 697 1220 742 1

237 814 330 879 nulla
344 814 470 898 reliqua
483 835 570 894 cura,
585 813 675 878 nulla
691 813 878 878 sollicitudo
894 814 1006 878 sutura
1022 812 1085 878 sit!

285 918 399 996 Quam
421 940 476 982 me
496 918 638 982 delectat
663 917 904 982 Theramenes!
927 939 1031 1002 quam
1050 918 1146 981 elato

236 1025 349 1088 auimo
379 1021 446 1087 esi!
490 1023 566 1088 Etsi
591 1023 681 1086 enim
706 1021 834 1102 flemus,
853 1045 956 1105 quum
982 1022 1144 1108 legimuS,

235 1134 349 1193 tamen
364 1148 432 1192 uon
443 1127 669 1191 miserabiliter
680 1127 728 1190 vir
740 1125 846 1190 clarus
862 1127 1026 1190 emoritur.
1066 1126 1143 1204 Qui

234 1253 349 1315 quum,
361 1233 529 1317 conjectus
544 1232 579 1294 iu
591 1252 753 1294 carcerem
769 1231 904 1316 triginta
915 1231 1012 1316 jussu
1024 1236 1143 1316 tyran·

235 1357 362 1415 uorum,
377 1356 543 1400 venenum
565 1341 604 1399 ut
618 1336 734 1400 sitiens
753 1335 952 1414 obduxisset,
967 1334 1142 1417 reliquum

233 1442 281 1506 sic
303 1463 322 1504 e
341 1441 458 1526 poculo
481 1441 587 1526 ejecit,
609 1447 648 1504 ut
670 1440 706 1504 id
724 1447 910 1520 resonaret3
932 1461 998 1524 quo
1020 1441 1142 1503 sonitu

232 1545 370 1620 reddito,
400 1546 553 1625 arridens,
583 1545 735 1625 Propino,
764 1546 881 1628 inquit,
910 1545 969 1608 lroc
996 1545 1140 1624 pulchro

241 1648 370 1728 datae,
384 1651 443 1733 qui
465 1651 499 1713 in
521 1671 600 1714 cum
620 1647 728 1712 iuerat
751 1650 965 1712 taeterrimus·
1012 1648 1139 1711 Graeci

233 1756 324 1818 euim
345 1755 380 1818 iu
396 1755 555 1818 conviviis
571 1753 679 1818 solent
697 1754 877 1832 nominare,
893 1753 948 1816 cui
971 1753 1137 1837 poculum

231 1859 384 1926 tradituri
407 1860 481 1924 sint.
527 1858 627 1923 Lusit
649 1860 696 1921 vir
722 1859 872 1943 egregius
897 1863 1042 1922 extremo
1068 1858 1136 1942 spi·

231 1965 305 2044 ritu,
329 1985 435 2047 quum
457 1964 529 2049 jam
554 1964 750 2048 praecordiis
773 1968 968 2046 conceptam
989 1967 1135 2024 mortem

232 2071 432 2149 continerem
453 2091 591 2153 vereque
608 2070 648 2149 ei,
664 2070 719 2133 cui
732 2089 897 2132 venenum
914 2068 1134 2152 praebiberat,

229 2179 373 2236 mortem
400 2178 451 2236 est
469 2194 546 2236 eam
573 2179 765 2258 auguratus,
792 2193 878 2255 quae
902 2172 992 2234 brevi
1015 2192 1134 2234 conse·

230 2282 309 2339 cuta
325 2282 382 2340 eet,
427 2276 478 2339 97.
504 2275 591 2353 Quis
616 2277 702 2341 hanc
727 2277 830 2341 animi
850 2276 988 2339 maximi
1015 2277 1133 2358 aequi·

229 2385 335 2443 tatem
350 2379 386 2442 in
400 2380 474 2464 ipsa
488 2386 593 2443 morte
612 2379 771 2459 laudaret,
787 2381 815 2443 si
831 2369 976 2444 ¹mortem
999 2379 1131 2444 malum

226 2481 414 2569 judicaret?
471 2482 576 2547 Vadit
606 2485 695 2547 enim
725 2485 761 2547 in
791 2482 935 2546 eundem
965 2503 1130 2546 carcerem

229 2595 329 2672 atque
358 2588 394 2651 in
423 2587 568 2652 eundem
598 2590 712 2672 paucis
743 2595 819 2673 post
842 2588 938 2651 annis
962 2587 1129 2672 scyphum

232 2694 396 2773 Socrates,
414 2693 531 2756 eodem
556 2693 675 2757 scelere
697 2695 858 2778 judicum,
878 2713 944 2776 quo
968 2697 1128 2776 tyranno·

227 2819 301 2863 rum
320 2798 550 2862 Theramenes.
599 2797 698 2875 Quae
723 2803 773 2861 esi
795 2799 895 2882 igitur
918 2797 988 2880 ejus
1009 2797 1128 2877 oratic,

228 2924 297 2985 qua
319 2900 398 2966 facit
421 2924 498 2966 eum
527 2902 622 2966 Plato
653 2924 752 2967 neum
783 2902 872 2988 apud
892 2901 1029 2987 judices,
1053 2902 1126 2985 jam

228 3012 334 3070 morte
349 3006 555 3071 multatum?

273 3108 363 3174 XLI.
386 3109 543 3195 “Magna
566 3110 648 3189 me,”
664 3111 782 3194 inquit,
797 3118 814 3151 “
828 3132 902 3196 spes
925 3115 1025 3188 tenet,
1036 3109 1125 3194 judi·

226 3235 290 3292 ces,
305 3215 389 3276 bene
404 3215 487 3278 mihi
512 3216 650 3295 evenire,
666 3216 755 3298 qnod
779 3217 891 3279 mittar
906 3216 949 3279 ad
973 3221 1124 3278 mortem.

221 3319 370 3394 ¹Necesse
386 3323 436 3380 esi
451 3320 540 3382 enim
556 3320 600 3382 sit
614 3319 753 3383 alterum
770 3321 810 3383 de
833 3320 983 3383 duobus:
1004 3325 1042 3382 ut
1063 3326 1124 3384 aut

225 3443 341 3487 sensus
357 3423 493 3485 omniuo
509 3444 626 3487 omnes
642 3445 729 3487 mors
745 3423 880 3504 auferat,
892 3429 952 3487 aui
965 3423 1000 3486 in
1017 3422 1123 3486 alium

224 3526 392 3609 quendam
421 3526 532 3589 locum
563 3549 603 3590 ex
631 3529 682 3592 his
710 3529 791 3592 locis
822 3535 925 3592 morbe
955 3529 1121 3613 migretur.
