2475 4092
215 289 259 356 88
554 313 641 356 ciro
666 313 782 370 nitor,

144 531 149 546 ,
214 489 317 553 quam
332 465 512 543 dubitasse,
527 466 608 548 quin
625 487 666 528 ex
688 465 842 530 universa
867 469 981 528 mente
1011 463 1146 526 divina

214 573 378 638 delibatos
404 572 534 634 animos
559 571 777 650 haberemus;
804 571 1145 634 demonstrabantur

214 679 296 742 mihi
313 683 488 762 praeterea,
503 696 591 758 quae
616 674 770 738 Socrates
787 695 943 759 supremo
960 675 1059 736 vitae
1080 673 1142 736 die

214 781 257 846 de
280 779 529 845 immortalitate
551 779 738 842 animorum
765 779 986 855 disseruisset,
1012 779 1055 856 is,
1074 779 1142 859 qui

214 894 302 950 esset
323 885 474 949 omnium
501 884 769 967 sapientissimus
794 882 928 947 oraculo
953 882 1138 966 Apollinis

210 992 389 1078 judicatus.
437 988 530 1066 Quid
556 988 688 1051 multa?
711 989 758 1051 sio
781 989 864 1052 milri
887 988 1057 1072 persuasi,
1085 988 1137 1050 sic

214 1097 341 1160 sentio:
361 1115 465 1177 quum
481 1099 576 1156 tanta
587 1092 735 1156 celeritas
752 1093 941 1156 animorum
959 1093 1015 1169 sit,
1029 1099 1134 1154 tanta

214 1199 376 1263 memoria
391 1197 650 1282 praeteritorum,
662 1195 914 1279 futurorumque
931 1197 1133 1281 prudentia,

213 1309 266 1367 tot
281 1309 366 1366 artes
382 1306 496 1364 tantae
512 1301 681 1379 scientiae,
693 1307 744 1364 tot
759 1301 915 1380 inventa;
935 1322 1004 1363 non
1026 1321 1132 1384 posse

213 1429 290 1472 eam
307 1412 471 1483 naturam,
486 1427 572 1488 quae
594 1427 646 1468 res
669 1426 726 1468 eas
749 1405 928 1484 contineat,
945 1427 1021 1468 esse
1039 1427 1130 1468 mor·

213 1512 333 1576 talem:
364 1531 536 1593 quumque
565 1531 694 1593 semper
718 1511 864 1593 agitetur
885 1511 1033 1588 animus,
1062 1532 1129 1574 nec

214 1616 410 1702 principium
435 1620 547 1677 motus
570 1614 702 1693 habeat,
717 1614 796 1696 quia
812 1635 848 1676 se
874 1614 945 1699 ipse
962 1621 1127 1695 moveat;

213 1743 256 1784 ne
282 1719 383 1782 finem
410 1718 545 1800 quidem
571 1717 764 1782 habitumm
791 1740 863 1781 esse
889 1725 1014 1797 motus,
1040 1721 1126 1802 quia

215 1845 388 1907 nunquam
413 1843 448 1886 se
474 1824 545 1907 ipse
569 1824 613 1886 sit
634 1821 824 1886 relicturus:
848 1829 890 1902 et,
909 1844 1016 1905 quum
1043 1825 1124 1888 sim·

213 1930 289 2014 plex
315 1929 421 1992 animi
450 1934 570 1990 natura
598 1934 695 2005 esset,
719 1948 827 2010 neque
858 1927 993 1990 haberet
1020 1929 1056 1991 in
1086 1951 1122 1992 se

214 2033 399 2115 quidquam
415 2031 602 2095 admixtum
624 2030 734 2114 dispar
749 2031 802 2094 sui
825 2037 927 2114 atque
946 2032 1120 2112 dissimile,

214 2158 282 2200 non
308 2157 403 2219 posse
428 2156 506 2198 eum
529 2135 651 2214 dividi;
673 2135 764 2218 quod
782 2136 809 2198 si
825 2157 893 2200 non
917 2138 1033 2220 possit,
1050 2159 1119 2201 non

214 2259 310 2323 posse
326 2238 473 2301 interire:
496 2259 685 2322 magnoque
702 2260 773 2302 esse
786 2247 995 2324 argumente,
1011 2241 1118 2304 homi·

214 2363 273 2406 nes
286 2342 366 2404 seire
383 2341 535 2426 pleraque
551 2348 629 2405 ante
645 2363 749 2425 quam
767 2345 836 2405 nati
853 2345 928 2422 sint,
940 2345 1031 2427 quod
1043 2346 1117 2430 jam

214 2447 316 2531 pueri,
331 2467 436 2529 quum
459 2452 545 2508 artes
569 2444 718 2510 difficiles
740 2446 880 2527 discant,
896 2449 944 2512 ita
972 2449 1117 2514 celeriter

213 2570 264 2614 res
279 2549 535 2614 innumerabiles
556 2551 723 2633 arripiant,
738 2557 778 2614 ut
799 2573 855 2614 eas
872 2574 940 2616 non
955 2559 1030 2616 tum
1053 2556 1114 2639 pri-

214 2677 309 2721 mum
335 2656 480 2740 accipere
506 2655 690 2733 videantur,
706 2655 763 2719 sed
783 2657 950 2721 reminisci
964 2665 999 2722 et
1012 2681 1112 2724 recor·

214 2758 294 2823 dari.
340 2759 435 2824 Haec
451 2758 599 2822 Platonis
613 2756 687 2821 fere.

260 2864 370 2929 XXII.
404 2864 504 2949 Apud
537 2863 794 2948 Xenophontem
824 2872 940 2931 autem
971 2867 1111 2931 moriens

217 2968 324 3053 Cyrus
340 2971 444 3053 major
459 2969 653 3035 haecdicit:

258 3074 400 3138 “Nolite
426 3075 582 3154 arbitrari,
607 3075 639 3139 Ο
663 3076 746 3141 mihi
773 3077 935 3140 carissimi
958 3076 1027 3156 filii,
1049 3098 1108 3157 me,

214 3198 319 3260 quum
339 3199 359 3241 a
382 3180 474 3242 vobis
498 3179 686 3257 discessero,
702 3201 869 3262 nusquam
897 3185 957 3243 aut
983 3180 1107 3244 nullum

213 3279 290 3347 fore.
336 3283 408 3347 Nee
428 3284 526 3363 enim,
542 3283 624 3347 dum
647 3304 738 3348 eram
761 3285 942 3363 vobiscum,
959 3285 1105 3348 animum

214 3408 328 3452 meum
352 3389 531 3453 videbatis:
563 3390 621 3454 sed
645 3410 723 3454 eum
744 3412 815 3454 esse
836 3391 871 3454 in
895 3391 958 3454 hoc
979 3411 1104 3472 corpore

214 3512 254 3553 ex
269 3494 310 3554 iis
325 3496 430 3572 rebus,
446 3514 530 3575 quas
550 3496 715 3575 gerebam,
730 3493 974 3578 intelligebatis.
1020 3493 1102 3558 Eun·
