2475 4092
425 361 525 405 mann
547 361 570 404 1.
615 362 685 404 cnr.
708 362 754 404 rr.
1016 341 1038 403 '7

141 520 193 580 est
207 515 296 580 enim
319 520 388 579 tam
413 536 533 594 excors,
549 536 650 598 quem
672 516 739 579 ista
764 513 945 579 moveant?
991 512 1038 578 Μ

144 620 183 685 si
207 643 284 706 ergo
309 621 399 706 apud
423 618 543 684 inferos
564 621 675 684 miseri
700 642 768 685 non
792 626 880 700 sunt,
895 641 937 683 ne
962 626 1040 682 sunt

141 726 275 809 quidem
293 726 383 811 apud
398 723 517 788 inferos
533 725 601 789 ulli.
647 726 686 789 A.
718 726 769 789 Ita
785 746 916 810 prorsus
931 724 1040 787 existi·

142 851 208 893 mc.
254 829 300 893 Μ
333 829 400 892 Ubi
422 835 502 893 sunt
523 850 600 914 ergo
623 830 657 908 ii,
673 850 757 911 quos
783 828 920 892 miseros
934 826 1040 891 dicis?

142 940 202 998 aut
227 955 327 1017 quem
351 933 463 997 locum
489 933 663 997 incolunt?
692 934 721 996 si
744 932 833 996 enim
854 938 941 1011 sunt,
964 953 1040 995 nus-

141 1059 245 1122 quam
260 1058 331 1100 essc
348 1058 414 1100 non
427 1042 574 1122 possunt.
620 1036 660 1099 A.
692 1036 766 1121 Ego
782 1057 858 1099 vero
874 1055 1040 1117 nusquam

142 1163 214 1206 esse
243 1141 316 1205 illos
346 1147 438 1226 puto.
492 1137 539 1205 Μ
572 1141 677 1226 Igitur
705 1162 748 1204 ne
777 1160 849 1204 esse
879 1138 1040 1223 quidem?

143 1247 183 1312 A.
215 1246 350 1310 Prorsus
374 1247 438 1309 istc
461 1246 579 1324 mod03
602 1251 772 1309 ettamen
795 1246 932 1309 miseros
948 1245 990 1306 ob
1005 1242 1041 1306 id

140 1352 252 1438 ipsum
268 1351 413 1434 quidem,
429 1351 509 1433 quia
524 1349 604 1413 nulli
622 1356 708 1413 sunt.

185 1455 236 1520 12.
258 1454 306 1519 Μ.
327 1455 403 1519 Jam
417 1454 550 1518 mallem
564 1454 741 1517 Cerberum
753 1458 926 1524 metueres,
939 1472 1041 1536 quam

140 1561 206 1625 ista
232 1566 304 1623 tam
334 1559 574 1623 inconsiderate
600 1559 732 1623 diceres.
778 1557 817 1622 A.
850 1557 945 1636 Quid
968 1563 1040 1620 tan·

141 1663 244 1728 dem?
305 1663 352 1727 Μ.
393 1662 505 1741 Quem
539 1684 610 1726 esse
647 1684 760 1748 negas,
789 1661 933 1725 eundem
968 1681 1040 1724 esse

141 1769 233 1832 dicis.
279 1769 346 1831 Ubi
367 1775 419 1831 est
436 1789 577 1831 acumen
599 1767 720 1831 tuum?
742 1788 847 1850 quum
869 1767 959 1829 eni'rn
981 1766 1040 1829 mi·

143 1894 252 1935 serum
265 1893 336 1935 esse
351 1872 442 1950 dicis,
453 1879 526 1935 tum
543 1877 630 1951 eum,
642 1872 699 1953 qui
715 1891 782 1933 non
798 1871 850 1949 sit,
862 1869 944 1932 dicis
959 1891 1041 1933 esse·

144 1976 184 2041 A.
216 1977 293 2039 Non
324 1997 398 2039 sum
428 1977 477 2038 ita
505 1976 614 2054 hebes,
640 1981 679 2038 ut
708 1974 800 2037 istud
829 1973 948 2037 dicam.
992 1972 1040 2038 Μ

146 2081 239 2159 Quid
269 2081 351 2145 dicis
380 2079 505 2165 igitur?
566 2080 606 2143 A.
647 2079 807 2142 Miserum
838 2099 919 2158 esse,
948 2080 1038 2143 verbi

142 2207 254 2264 causa,
287 2184 333 2249 M.
367 2185 533 2264 Crassum,
563 2185 620 2266 qui
651 2183 724 2247 illas
754 2181 902 2247 fortunas
934 2194 1040 2247 morte

142 2291 323 2370 dimiserit;
357 2291 515 2352 miserum
543 2290 603 2352 Cn.
630 2288 838 2372 Pompeium,
864 2288 922 2370 qui
945 2293 1041 2352 tanta

142 2394 246 2479 gloria
272 2395 315 2458 sit
337 2396 490 2474 orbatus,
513 2414 629 2457 omnes
655 2392 798 2474 denique
821 2391 967 2471 miseros,
982 2391 1041 2475 qui

142 2499 205 2562 hac
220 2498 293 2562 luce
315 2504 457 2561 careant.
502 2497 550 2561 Μ.
582 2495 770 2560 Revolveris
789 2496 917 2559 eodem.
964 2496 1040 2560 Sint

142 2604 232 2667 enim
258 2609 395 2688 oportet,
420 2603 448 2666 si
472 2603 582 2665 miseri
607 2607 704 2681 sunt,
737 2607 776 2664 tu
800 2607 914 2664 autern
939 2600 1040 2664 modo

142 2710 289 2793 negabas
311 2729 367 2770 eos
390 2728 470 2786 esse,
487 2707 546 2790 qni
571 2707 694 2769 mortni
716 2710 835 2768 essent.
882 2704 920 2768 Si
940 2705 1041 2789 igitur

143 2832 210 2874 non
226 2818 313 2891 sunt,
329 2812 410 2875 nihil
432 2817 574 2896 possunt
597 2832 689 2873 esse:
713 2812 761 2873 ita
783 2831 825 2872 ne
843 2809 955 2872 miseri
970 2810 1040 2892 qui·

143 2915 221 2979 dem
244 2923 330 2979 sunt.
385 2917 424 2980 A.
455 2916 533 2979 Non
556 2915 631 2979 dico
654 2913 792 2978 fortasse
817 2915 928 2994 etiam,
950 2914 1039 2996 quod

144 3019 250 3083 sentio
263 3039 271 3098 3
293 3041 372 3084 nam
386 3021 473 3084 istuc
487 3022 608 3106 ipsum,
624 3040 691 3082 non
714 3040 795 3097 esse,
811 3040 916 3101 quum
932 3017 1039 3098 fueris,

142 3124 362 3188 miserrimum
397 3131 488 3209 puto,
548 3123 598 3188 13.
635 3123 683 3188 Μ
724 3122 842 3200 Quid?
879 3124 1039 3202 miserius,

142 3248 246 3310 quarn
269 3228 406 3290 omnino
429 3250 601 3311 nunquam
625 3227 752 3291 fuisse?
799 3228 859 3306 Ita,
881 3229 938 3310 qui
959 3248 1038 3291 non·

142 3333 225 3396 dum
243 3333 312 3395 nati
335 3339 421 3412 sunt,
437 3335 547 3396 miseri
565 3333 638 3417 jam
663 3338 750 3411 sunt,
765 3333 844 3415 quia
859 3353 925 3395 non
942 3337 1039 3410 sunt;

142 3444 177 3500 et
192 3438 305 3515 nossi
324 3443 400 3522 post
421 3444 561 3501 mortem
583 3438 693 3500 miseri
715 3435 817 3500 futuri
839 3435 1038 3514 sumus,1r'ri·

143 3543 205 3606 seri
231 3541 365 3622 suimus,
391 3549 572 3625 antequam
602 3543 682 3605 nati.
737 3542 812 3627 Ego
834 3546 947 3604 autern
971 3560 1039 3605 non
