2475 4092
373 365 473 408 ursan
495 366 516 408 1.
561 365 631 406 cnr.
654 365 762 408 xxvu.
973 343 1016 408 35

16 537 17 542 ’
119 523 192 584 test.
239 517 331 582 Nihil
357 517 445 582 enim
466 523 517 581 est
542 518 576 582 in
601 518 721 582 animis
748 519 891 583 mixtum
917 527 1017 604 atque

120 630 319 703 concretum,
350 628 410 686 aut
445 623 536 705 quod
572 645 612 686 ex
641 630 726 687 terra
762 630 879 687 natum
915 631 1017 708 atque

120 728 238 794 fictum
269 749 340 791 esse
368 727 535 808 videatur3
569 729 651 792 nihil
681 751 722 792 ne
752 734 812 792 aut
841 729 1017 794 humidum

121 833 267 916 quidem,
290 837 350 895 aut
370 830 489 911 flabile,
512 837 572 896 aut
594 833 739 917 igneum.
785 832 848 896 His
870 834 1018 898 enimin

122 938 247 1002 naturis
270 936 350 1000 nihil
371 936 467 1015 inest,
485 937 576 1019 quod
595 937 665 1000 vim
682 939 871 1016 memoriae,
886 940 1018 1019 mentis,

122 1041 334 1126 cogitationis
357 1040 487 1119 habeat,
502 1040 593 1123 quod
607 1047 642 1104 et
655 1041 829 1126 praeterita
847 1048 969 1122 teneat,
985 1050 1019 1108 et

121 1147 232 1212 lutura
246 1147 425 1233 provideat,
441 1153 474 1210 et
489 1146 664 1232 complecti
685 1148 791 1232 possit
812 1150 1018 1232 praesentia:

16 1309 17 1314 ,
122 1273 210 1335 quae
233 1251 304 1315 sola
325 1251 438 1314 divina
460 1256 546 1330 sunt,
569 1272 630 1315 nec
656 1251 840 1315 invenietur
859 1274 1018 1336 unquam,

121 1357 211 1420 unde
235 1356 278 1421 ad
308 1357 478 1420 hominem
507 1357 616 1419 venire
645 1358 783 1441 possint,
809 1357 874 1420 nisi
899 1379 920 1420 a
946 1358 1018 1421 deo.

16 1515 17 1524 ,
124 1461 308 1546 Singularis
332 1467 382 1525 est
403 1461 503 1545 igitur
521 1461 688 1543 quaedam
710 1467 828 1524 natura
851 1467 950 1546 atque
968 1465 1018 1526 vis

16 1591 17 1596 ¹
122 1566 235 1645 animi,
251 1566 400 1650 sejuncta
423 1567 465 1628 ab
481 1565 530 1628 his
553 1565 686 1628 usitatis
708 1567 1019 1648 notisquematuris,

124 1671 184 1749 Ita,
200 1669 363 1753 quidquid
387 1674 436 1732 est
459 1668 550 1748 illud,
566 1669 654 1754 quod
679 1670 788 1748 sentit,
803 1670 894 1752 quod
920 1673 1019 1756 sapit,

123 1775 214 1857 quod
239 1775 329 1852 vivit,
355 1772 446 1856 quod
468 1774 567 1857 viget,
586 1772 727 1836 caeleste
745 1780 780 1836 et
802 1774 952 1837 divinum
977 1778 1019 1838 ob

124 1899 265 1960 eamque
279 1899 349 1941 rem
366 1883 536 1940 aeternum
560 1877 603 1939 sit
626 1898 759 1939 necesse
778 1883 837 1940 est
882 1879 954 1942 Nec
967 1901 1020 1942 ve·

122 2003 159 2045 ro
174 1981 257 2044 deus
281 1982 361 2065 ipse,
376 1981 434 2063 qui
457 1980 649 2064 intelligitur
669 2003 690 2043 a
708 1982 813 2061 nobis,
828 1982 894 2045 alio
920 1983 1022 2048 modo

123 2087 263 2172 intelligi
293 2093 409 2171 potest,
436 2086 501 2149 nisi
530 2107 625 2148 mens
655 2086 764 2149 soluta
792 2088 958 2170 quaedam
989 2094 1023 2152 et

122 2193 233 2271 libera,
256 2196 429 2276 segregata
458 2193 500 2254 ab
530 2191 623 2253 omui
648 2192 855 2255 concretione
881 2194 1022 2273 mortali,

123 2299 240 2361 omnia
276 2297 419 2360 sentiens
450 2301 484 2358 et
520 2317 667 2375 movens,
698 2297 837 2381 ipsaque
873 2299 1023 2383 praedita

123 2407 219 2465 motu
249 2400 477 2486 sempiterno.''
536 2399 587 2462 67.
621 2399 697 2462 Hoc
725 2421 743 2462 e
772 2423 891 2486 genere
920 2409 1022 2486 atque

124 2505 242 2569 eadem
258 2527 276 2568 e
292 2511 411 2568 natura
426 2509 477 2567 est
492 2504 642 2567 humana
661 2525 765 2568 mens.

171 2610 238 2674 Ubi
260 2611 370 2696 igitur,
391 2615 451 2673 aut
476 2609 584 2691 qualis
605 2614 656 2672 est
678 2610 744 2672 ista
769 2609 943 2673 menst—
956 2611 1023 2675 Ubi

124 2721 194 2795 tua,
210 2721 269 2779 aut
284 2714 417 2798 qualis?
439 2720 574 2802 potesne
589 2713 720 2776 diceret
739 2734 792 2793 an,
807 2715 836 2777 si
851 2715 965 2778 omnia
980 2717 1024 2780 ad

125 2819 377 2905 intelligendum
393 2840 461 2882 non
477 2819 592 2897 habeo,
604 2839 691 2900 quae
707 2818 826 2881 habere
841 2818 969 2899 vellem,
981 2841 1024 2884 ne

126 2923 168 2987 iis
183 2923 327 3006 quidem,
339 2945 424 3006 quae
437 2924 553 3003 habeo,
565 2923 647 2986 mihi
663 2927 764 3007 perte
775 2924 826 2986 uti
840 2922 951 2988 licebit
960 2924 1025 2989 ‘l-

128 3027 206 3090 Non
218 3024 307 3090 valet
321 3033 452 3091 tantum
469 3027 612 3106 animus,
623 3032 663 3090 ut
680 3027 840 3110 seipsum
855 3028 925 3112 ipse
936 3029 1024 3093 vide·

127 3137 180 3212 at;
204 3136 239 3195 at
253 3137 292 3195 ut
314 3131 439 3210 oculus,
455 3131 503 3195 sic
525 3131 668 3211 animus,
683 3152 719 3194 se
734 3152 802 3194 uon
818 3132 942 3214 videus,
957 3134 1025 3198 alia

127 3234 238 3300 cernit
284 3233 361 3297 Non
384 3234 474 3298 videt
497 3240 622 3315 autem,
646 3234 737 3316 quod
760 3236 939 3300 minimum
965 3245 1024 3318 est7

127 3337 269 3404 formam
296 3359 402 3403 suam.
457 3338 629 3403 Fortasse:
655 3359 862 3422 quamquam
885 3341 922 3404 id
944 3364 1025 3424 quo·

128 3465 211 3527 que:
234 3443 292 3507 sed
315 3442 558 3526 relinquamus;
586 3443 656 3506 vim
679 3449 775 3524 certe,
797 3445 1025 3529 sagacitatem,

130 3549 333 3630 memoriam,
366 3554 508 3630 motum,
537 3547 737 3613 celeritatem
773 3549 872 3612 videt
932 3549 1026 3614 Haec
