2475 4092
248 371 348 413 maun
370 370 392 412 1.
437 372 507 414 oar.
529 371 662 415 xxxvrr.
685 372 832 414 xxxvrrr.
946 350 989 415 49

24 525 33 564 ³·
93 524 385 608 Agamemnonem
405 524 487 589 nihil
508 525 682 605 interesse;
705 495 767 589 nee
782 524 883 610 pluris
899 546 989 589 nune

90 625 197 690 faeere
231 626 276 691 M.
304 627 483 691 Camillum
515 628 578 690 hoe
603 629 698 692 eivile
727 628 862 707 bellum,
886 649 989 711 quam

23 741 26 779 ³
91 753 164 817 ego,
180 731 237 795 illo
251 732 337 811 vivo,
351 730 483 796 fecerim
500 732 646 796 Romam
662 739 804 819 captam.

138 836 207 900 Cur
229 837 330 921 igitur
353 842 387 900 et
416 836 578 900 Camillus
603 837 736 917 doleret,
761 839 788 902 si
809 839 891 902 haee
914 844 989 924 post

24 983 30 993 „
90 947 254 1005 trecentos
278 948 312 1004 et
337 941 581 1026 quinquaginta
610 940 675 1005 fere
700 965 805 1007 annos
832 952 992 1008 eventura

90 1045 247 1131 putaret?
269 1052 303 1108 et
318 1067 380 1130 ego
396 1045 537 1125 doleam,
553 1047 581 1109 si
605 1047 649 1110 ad
675 1048 788 1111 decem
814 1049 917 1113 millia
933 1071 992 1112 an·

28 1142 30 1147 ⁵
91 1171 211 1214 norum
235 1156 369 1235 gentem
392 1149 541 1233 aliquam
561 1154 677 1214 urbem
698 1159 844 1216 nostram
867 1155 997 1238 potito--

23 1274 26 1311 ÷
89 1276 162 1318 ram
178 1254 314 1340 putem?
360 1254 452 1332 Quia
470 1261 565 1318 tanta
586 1257 706 1320 caritas
728 1259 854 1342 patriae
877 1264 935 1336 est,
951 1264 990 1323 ut

24 1410 27 1416 .
90 1382 166 1424 eam
183 1383 251 1425 non
275 1381 375 1424 sensu
399 1366 520 1440 nostro,
535 1361 592 1424 sed
616 1361 723 1425 salute
744 1363 849 1446 ipsius
874 1364 993 1428 metia-

25 1482 28 1491 ·
90 1485 174 1528 mur,

136 1568 335 1634 XXXVIII.
381 1569 431 1634 91.
456 1570 573 1653 Itaque
600 1591 669 1632 non
693 1568 831 1634 deterret
861 1572 990 1656 sapien·

24 1724 25 1731 ,
90 1678 160 1735 tem
180 1695 277 1751 mors,
292 1695 378 1756 quae
404 1681 535 1759 propter
557 1675 699 1737 incertos
719 1696 816 1738 casus
840 1677 988 1758 quotidie

23 1779 26 1811 ²
89 1777 253 1856 imminet,
272 1784 402 1863 propter
423 1780 618 1841 brevitatem
634 1779 722 1841 vitae
743 1801 916 1862 nunquam
932 1802 989 1865 po·

24 1904 25 1941 ]
90 1885 158 1943 test
179 1880 278 1964 longe
304 1884 429 1961 abesse,
452 1904 520 1964 quo
543 1883 655 1944 minus
676 1883 711 1944 in
732 1904 831 1945 omne
855 1889 988 1968 tempus

23 1989 25 1992 ⁴
89 1985 138 2048 rei
162 1984 316 2070 publicae
346 1987 481 2068 suisque
511 1987 672 2065 consulat,
699 1992 732 2049 et
761 1988 988 2070 posteritatem

89 2089 208 2173 ipsam,
235 2090 330 2174 eujus
357 2111 492 2153 sensum
522 2090 692 2153 habiturus
719 2111 785 2153 non
810 2092 861 2170 sit,
886 2090 928 2154 ad
953 2113 988 2155 se

89 2198 186 2278 putet
214 2194 384 2278 pertinere.
440 2193 554 2271 Quare
580 2192 656 2257 lieet
673 2194 787 2258 ¹etiam
814 2195 987 2258 mortalem

89 2318 161 2361 esse
191 2299 343 2362 animum
368 2298 577 2381 judicantem
607 2303 741 2361 aeterna
770 2299 888 2380 mol‘rri,
919 2322 986 2365 non

89 2401 213 2487 gloriae
237 2403 430 2486 eupiditate,
452 2423 555 2485 quarn
581 2423 736 2465 sensurus
760 2424 827 2466 non
852 2405 910 2483 sit,
928 2405 987 2468 sed

88 2507 227 2585 virtutis,
253 2528 356 2589 quarn
379 2507 563 2570 necessario
586 2505 699 2591 gloria,
715 2507 817 2570 etiam
841 2509 928 2572 situ
951 2509 986 2572 id

89 2632 156 2675 non
193 2633 285 2696 agas,
314 2617 543 2693 consequatur.
603 2610 733 2673 Natura
769 2632 845 2674 vero
875 2633 910 2674 se
940 2613 987 2676 sio

89 2715 198 2793 habet,
212 2721 260 2794 ut,
276 2737 342 2798 quo
358 2715 460 2778 modo
475 2715 610 2777 initium
634 2715 728 2777 nobis
749 2735 858 2777 rerum
881 2716 986 2788 omnie

87 2840 148 2881 um
176 2826 265 2882 ortus
288 2827 397 2883 noster
423 2817 546 2897 afferat,
572 2819 620 2882 sie
644 2818 769 2880 exitum
796 2840 893 2883 mors.
941 2820 990 2884 Ut

87 2923 169 2987 nihil
194 2925 351 3006 pertinuit
366 2923 408 2988 ad
424 2945 485 2986 nos
511 2929 588 2986 ante
613 2929 731 3002 ortum,
747 2923 795 2986 sie
809 2924 889 2996 nihil
910 2931 986 3010 post

88 3039 232 3091 mortem
262 3029 443 3111 pertinebit
504 3028 542 3092 In
567 3049 634 3110 quo
664 3027 746 3110 quid
775 3034 885 3112 potest
914 3051 986 3094 esse

88 3133 178 3212 mali,
194 3154 299 3215 quum
314 3154 402 3196 mors
417 3155 478 3196 nec
499 3132 542 3195 ad
563 3134 656 3195 vivos
680 3133 850 3217 pertineat,
866 3155 927 3198 nee
943 3136 986 3200 ad

89 3235 261 3301 mortuos?
301 3237 404 3300 Alteri
415 3236 497 3299 nulli
512 3242 604 3316 sunt;
623 3237 741 3300 alteros
755 3259 822 3302 non
834 3240 993 3324 attinget„

132 3342 183 3405 92,
210 3341 325 3419 Quam
340 3341 398 3425 qui
413 3340 568 3404 leviorem
583 3338 720 3420 faciunt,
738 3343 846 3404 somni
862 3344 985 3406 similla

88 3467 179 3510 mam
201 3446 318 3510 volunt
339 3465 429 3509 esse:
451 3446 643 3529 quasivero
666 3445 844 3527 quisquam
866 3447 914 3509 ita
930 3469 986 3524 no·

88 3551 227 3637 naginta
247 3573 353 3616 annos
377 3550 457 3613 velit
477 3549 594 3629 vivere,
609 3554 656 3629 ut,
682 3571 787 3633 quum
815 3551 987 3636 sexaginta

390 3656 413 3722 4
