2475 4092
337 359 436 403 ursan
459 361 480 402 r.
525 361 595 403 cir.
618 361 714 404 xxiv.
735 360 817 404 xxv.
979 340 1021 405 31

123 507 191 572 nisi
212 505 354 585 animus,
378 511 559 589 antequam
577 508 612 571 in
631 529 750 592 corpus
769 508 964 587 intravisset,
986 509 1023 576 iu

122 633 234 676 rerum
250 611 440 696 cognitione
456 612 624 696 viguisset.
668 612 720 675 58.
744 612 926 696 Quumque
940 613 1023 678 nihil

125 721 223 796 esset,
234 721 273 779 ut
288 716 442 778 omnibus
457 715 537 779 locis
553 738 574 779 a
591 716 729 780 Platone
752 717 936 780 disseritur:
961 718 1022 804 (ni-

126 823 172 886 hil
196 821 286 885 enim
311 825 409 905 putat
438 841 519 900 esse,
539 821 630 903 quod
660 822 783 886 oriatur
812 827 846 885 et
873 822 1022 902 intereat,

126 927 228 1009 idque
253 924 360 989 solum
385 945 466 1004 esse,
491 926 581 1007 quod
606 947 734 1011 semper
752 926 821 990 tale
849 928 901 1005 sit,
925 926 1023 1010 quale

127 1018 214 1090 ἰδέαν
229 1029 374 1115 appellat
387 1029 451 1110 ille,
466 1052 527 1094 nos
549 1032 718 1118 speciem)
736 1054 803 1096 non
826 1035 936 1119 potuit
954 1033 1023 1097 ani·

126 1157 203 1199 mus
226 1135 307 1198 haec
321 1135 356 1197 in
372 1155 504 1218 corpore
519 1135 668 1199 inclusus
683 1158 868 1221 agnoscere,
889 1138 1024 1222 cognita

126 1239 258 1303 attulit:
280 1259 320 1301 ex
337 1258 403 1320 quo
420 1244 490 1302 tam
505 1239 686 1304 multarum
701 1263 809 1304 rerum
824 1242 1022 1325 cognitionis

126 1344 302 1408 admiratio
313 1343 445 1406 tollitur.
485 1344 602 1427 Neque
614 1367 655 1408 ea
670 1345 767 1429 plane
780 1346 869 1408 videt
880 1347 1023 1426 animus,

126 1471 231 1532 quum
255 1453 388 1533 repente
411 1448 447 1511 in
462 1453 533 1512 tam
557 1450 730 1514 insolitum
745 1457 881 1533 temque
901 1457 1023 1535 pertur-

125 1557 243 1618 batum
273 1553 479 1617 domicilium
509 1555 731 1640 immigravit3
765 1555 824 1619 sed
852 1576 957 1639 quum
986 1576 1023 1619 se

126 1659 259 1743 collegit
278 1663 378 1740 atque
400 1660 563 1738 recreavit,
579 1665 653 1723 tum
675 1661 826 1745 agnoseit
847 1661 904 1724 illa
927 1661 1023 1724 remi·

126 1762 293 1826 niscendo.
339 1762 390 1825 Ita
410 1762 491 1826 nihil
506 1771 557 1827 est
577 1765 668 1828 aliud
694 1766 826 1845 discere,
841 1767 904 1828 nisi
919 1786 1022 1830 recor·

127 1866 206 1929 dari.

166 1969 218 2033 59.
244 1970 319 2056 Ego
349 1977 461 2036 eutem
491 1973 614 2056 majore
644 1973 747 2036 etiam
776 1972 923 2055 quodam
953 1994 1021 2036 mo·

126 2073 170 2136 do
200 2075 394 2138 memoriam
419 2075 572 2138 admiror.
630 2075 722 2153 Quid
745 2081 796 2139 est
818 2076 908 2138 enim
931 2075 1022 2154 illud,

125 2198 192 2261 quo
223 2179 460 2242 meminimus?
491 2185 550 2242 aut
576 2201 678 2262 quarn
708 2181 809 2243 habet
837 2180 931 2244 vim?
962 2186 1023 2245 aut

125 2283 214 2346 unde
236 2283 416 2346 naturam?
471 2284 548 2347 Non
563 2305 695 2367 quaero,
716 2291 843 2368 quanta
860 2287 1022 2350 memorie

128 2387 317 2452 Simonides
347 2385 448 2450 luisse
478 2388 614 2468 dicatur,
644 2395 771 2471 quanta
806 2389 1021 2470 Theodectes,

125 2498 251 2576 quanta
265 2494 303 2568 ie,
319 2493 377 2576 qui
391 2515 412 2556 a
429 2493 551 2578 Pyrrho
574 2492 705 2578 legatus
727 2494 771 2557 ad
794 2495 956 2559 Senatum
970 2502 1022 2560 est

125 2599 256 2676 missus,
276 2598 407 2677 Cineas,
422 2603 548 2681 quanta
568 2620 673 2682 nuper
691 2599 902 2678 Charmadas,
918 2621 1020 2683 qnan-

126 2707 171 2780 ta,
186 2703 244 2784 qui
265 2701 366 2766 modo
389 2701 461 2781 suit,
479 2701 636 2786 Scepsius
664 2702 879 2781 Metrodorus
895 2708 1022 2785 quanta

128 2812 236 2869 noster
260 2805 475 2886 Hortensius3
502 2807 543 2869 de
566 2808 736 2870 communi
758 2808 932 2871 hominum
953 2828 1021 2870 me·

128 2910 233 2972 morie
255 2909 378 2993 loquor,
401 2917 435 2975 et
458 2933 572 2974 eorum
594 2913 749 2991 maxime,
773 2913 888 2995 quiin
909 2912 1020 2995 aliquo

127 3013 251 3097 majore
266 3014 376 3078 studio
392 3021 425 3079 et
440 3021 508 3079 arte
522 3022 712 3079 versantur:
734 3038 874 3099 quorum
894 3022 1021 3101 quanta

127 3137 222 3180 mens
245 3117 296 3196 sit,
312 3116 443 3182 difficile
466 3125 516 3183 est
536 3119 742 3201 existimare;
763 3122 812 3184 ita
831 3121 938 3186 multa
953 3143 1020 3186 me·

126 3221 302 3285 minerunt

171 3323 282 3389 XXV.
327 3323 377 3387 60.
404 3323 555 3402 Quorsus
577 3327 680 3412 igitur
701 3329 782 3392 haec
807 3333 935 3414 spectat
950 3349 1020 3392 ora·

4 3523 5 3528 ¹
126 3428 197 3494 tio?
246 3429 345 3507 Quae
361 3429 405 3494 sit
418 3430 474 3494 illa
485 3431 534 3494 vis
550 3437 584 3495 et
598 3432 687 3496 unde
703 3434 755 3513 sit,
769 3432 1020 3518 intelligendum

127 3540 217 3621 puto.
264 3535 341 3600 Non
360 3540 410 3600 est
431 3541 517 3600 certe
538 3557 599 3602 nec
625 3537 740 3619 cordis,
754 3560 817 3604 nec
840 3538 1020 3623 sanguinis,
