2475 4092
231 301 273 366 96
609 325 760 383 ussurus,

229 477 349 540 eversis
379 477 617 541 inimicissimis
648 478 725 542 huic
755 477 902 562 imperio,
930 499 998 541 non
1032 477 1154 540 ruodo

228 583 425 666 praesentis,
455 603 569 645 verum
600 583 703 645 etism
734 581 846 646 sutura
883 582 970 644 bella
1002 581 1152 645 delevit.

233 683 326 762 Quid
342 685 451 750 dicam
464 687 506 749 de
521 688 669 750 moribus
686 685 874 750 facillimis?
896 687 937 750 de
953 687 1092 771 pietate
1110 689 1149 750 iu

227 791 398 855 matrem?
432 791 626 855 liberalitate
660 793 693 854 in
731 791 886 855 sorores?
914 793 1073 854 bonitate
1110 793 1147 855 in

228 895 334 959 suos‘l
363 897 495 980 justitia
523 897 559 960 in
589 894 734 960 omnes?
796 895 887 960 Nota
917 902 997 958 sunt
1029 899 1144 960 vobis.

230 999 344 1078 Quam
361 1008 475 1064 autem
491 1001 618 1064 civitati
635 1021 729 1063 carus
752 997 858 1079 luerit,
874 1021 1023 1063 maerore
1039 999 1144 1064 lune·

225 1104 270 1168 ris
285 1105 470 1168 indicatum
486 1109 545 1167 est.
593 1102 688 1181 Quid
710 1103 811 1188 igilur
833 1105 920 1167 hunc
942 1125 1140 1187 paucorum

227 1229 392 1273 annorum
417 1209 563 1272 accessio
583 1208 700 1293 juvare
721 1208 907 1292 potuisset?
964 1207 1139 1272 Senectus

226 1313 326 1391 enim,
341 1314 493 1398 quamvis
520 1313 648 1376 nonsit
672 1313 789 1397 gravis,
805 1318 844 1375 ut
863 1313 1001 1404 memini
1029 1313 1136 1376 Cato·

224 1437 303 1479 nem
330 1437 419 1479 anno
445 1422 523 1480 ante
545 1437 649 1499 quam
677 1422 830 1480 mortuus
850 1423 910 1494 est,
933 1437 1073 1480 mecum
1103 1425 1136 1480 et

224 1541 303 1584 curn
321 1519 477 1604 Scipione
494 1520 660 1596 disserere,
674 1525 787 1584 tamen
805 1518 911 1584 aufert
926 1542 1003 1584 eam
1020 1522 1134 1584 viridi·

223 1631 339 1702 tatem,
354 1626 389 1687 in
404 1646 473 1707 qua
488 1625 674 1687 etiamnum
690 1630 760 1688 erat
781 1623 904 1709 Scipio.
953 1624 1133 1702 Quamob-

223 1751 293 1793 rem
316 1731 384 1793 vita
407 1730 541 1812 quidem
563 1729 642 1792 talis
664 1728 738 1804 suit,
754 1730 804 1792 vel
827 1727 969 1808 fortuna,
985 1730 1038 1792 vel
1060 1730 1131 1815 glo-

222 1835 281 1913 ria,
305 1843 343 1898 ut
368 1833 450 1898 nihil
475 1839 588 1919 posset
613 1833 786 1898 accedere:
820 1834 982 1897 moriendi
1011 1843 1129 1899 autem

223 1960 356 2003 sensum
374 1939 522 2002 celeritas
537 1937 695 2017 abstulit;
718 1938 844 2020 quode
867 1959 986 2024 genere
1011 1941 1129 2004 mortis
1210 1991 1211 1994 η

222 2043 353 2107 difficile
375 2044 468 2106 dictu
483 2049 553 2123 est3
575 2043 655 2125 quid
679 2043 830 2106 homines
845 2044 1065 2127 suspicentur,
1083 2046 1127 2108 vi·
1209 2075 1210 2093 κ

222 2147 315 2210 detis.
362 2147 437 2211 Hoc
451 2154 565 2210 tamen
581 2167 654 2209 vere
677 2147 753 2210 licet
773 2147 889 2226 dicere,
907 2147 943 2210 P.
962 2147 1125 2233 Scipioni,
1207 2143 1209 2218 Ῐ

221 2272 260 2314 ex
277 2251 392 2314 multis
418 2252 544 2330 diebus,
560 2273 646 2334 quos
668 2252 703 2314 in
718 2253 787 2315 vita
807 2250 1035 2316 celeberrimos
1059 2254 1123 2317 lae·
1206 2281 1207 2307 l

219 2356 432 2438 tissimosque
453 2356 579 2434 viderit,
599 2356 694 2419 illum
719 2357 809 2419 diem
831 2357 1051 2421 clarissimum
1074 2358 1121 2423 lu·

218 2460 294 2537 isse,
310 2481 424 2543 quum,
440 2468 559 2524 senatu
582 2460 730 2539 dimisso,
745 2461 884 2524 domum
907 2461 1062 2526 reductus
1079 2463 1119 2527 ad
1203 2489 1204 2521 l

218 2587 393 2651 vesperum
412 2571 463 2627 est
477 2586 498 2627 a
515 2566 663 2649 patribus
685 2567 890 2650 conscriptis,
905 2566 1032 2652 populo
1055 2567 1116 2631 Ro

219 2691 330 2751 mano,
353 2669 451 2733 sociis
476 2675 510 2732 et
534 2669 675 2745 Latinis,
694 2669 796 2752 pridie
815 2691 917 2753 quam
939 2673 1079 2735 excessit
1098 2693 1115 2735 e
1200 2689 1201 2694 ’

218 2775 305 2838 vita:
335 2781 374 2838 ut
396 2796 437 2836 ex
466 2779 537 2836 tam
568 2772 636 2836 alto
666 2773 840 2857 dignitatis
863 2775 969 2859 gradu
1000 2776 1041 2838 ad
1064 2798 1113 2840 su·
1198 2827 1199 2830 η

218 2900 313 2964 peros
342 2879 492 2942 videatur
529 2876 610 2940 deos
640 2879 761 2961 potius,
791 2899 895 2960 quam
926 2878 969 2942 ad
999 2880 1111 2944 inferos

217 2984 411 3068 pervenisse.

263 3086 323 3150 IV.
348 3087 464 3169 Neque
485 3087 575 3149 enim
593 3087 755 3149 assentior
770 3086 820 3166 iis,
835 3089 894 3170 qui
917 3088 1000 3152 haec
1015 3111 1108 3174 nuper

216 3190 372 3256 disserere
395 3196 584 3274 coeperunt7
606 3210 684 3252 cum
708 3192 898 3275 corporibus
925 3192 1025 3256 simul
1045 3195 1104 3258 ani·

216 3319 290 3362 mos
318 3297 457 3375 interire,
485 3302 585 3378 atque
609 3296 724 3358 omnia
750 3303 853 3360 morte
874 3296 982 3360 deleri.
1035 3299 1102 3362 Plus

217 3402 307 3487 apud
322 3422 375 3464 me
391 3401 605 3482 antiquorum
620 3402 800 3464 auctoritas
816 3400 912 3482 valet,
924 3401 975 3464 vel
991 3409 1101 3467 nostro·
