2475 4092
341 921 524 1013 CATO
576 921 844 1012 Maron.

405 1122 502 1172 CAP.
522 1121 784 1173 xxl.-xx111.

497 1311 683 1321 ———

189 1447 282 1511 XXI.
307 1447 471 1519 Eournuu
493 1470 559 1512 non
584 1448 691 1528 viden,
708 1446 866 1530 nunquid
888 1447 958 1531 ipse
974 1467 1046 1509 sen·

139 1553 228 1616 tiam
243 1552 413 1631 demorte,
430 1574 495 1616 non
521 1553 667 1616 audeam
691 1553 785 1615 vobis
809 1551 933 1614 dicere:
955 1549 1046 1634 quod

141 1679 183 1720 eo
200 1658 319 1721 melius
334 1658 417 1721 mihi
433 1679 562 1721 eernere
577 1657 699 1737 videor,
712 1678 780 1740 quo
796 1658 839 1719 ab
855 1677 895 1719 ea
911 1655 1045 1740 propius

142 1764 273 1826 absum.
327 1762 403 1848 Ego
427 1768 553 1826 vestros
580 1769 700 1847 patres,
725 1763 760 1825 P.
787 1761 908 1845 Scipio,
930 1766 1046 1841 tuque,

146 1867 184 1930 C.
202 1866 306 1945 Laeli,
321 1868 406 1931 viros
422 1866 623 1931 clarissimos
647 1867 794 1949 mihique
814 1864 1045 1942 amicissimos,

144 1972 252 2034 vivere
277 1972 420 2051 arbitror,
444 1978 478 2034 et
496 1993 572 2035 eam
595 1971 731 2054 quidem
749 1971 864 2048 vitam,
885 1989 971 2052 quae
996 1974 1047 2031 est

144 2076 216 2138 sola
231 2077 300 2139 vita
320 2075 534 2139 nominanda.
581 2076 680 2154 Nam,
699 2074 780 2138 dum
804 2095 920 2138 sumus
940 2075 974 2136 in
995 2073 1046 2136 his

143 2181 263 2244 inclusi
278 2182 496 2267 compagibus
512 2181 664 2266 corporiS,
676 2201 812 2245 munere
828 2179 975 2262 quodam
991 2199 1046 2241 ne·

143 2286 308 2348 eessitatis
331 2291 365 2348 et
385 2286 476 2370 gravi
496 2306 594 2370 opere
615 2283 860 2370 perfungimur:
886 2289 936 2347 est
955 2284 1046 2346 euim

144 2391 277 2452 animus
293 2389 445 2453 caelestis
457 2411 497 2452 ex
513 2389 676 2452 altissimo
688 2388 857 2452 domicilio
872 2388 1046 2472 depressus

144 2499 178 2557 et
192 2494 289 2576 qu'asi
309 2493 480 2556 demersus
505 2494 541 2556 in
560 2500 690 2572 terram,
706 2494 816 2557 locum
839 2492 971 2555 divinae
990 2513 1045 2554 na·

143 2604 237 2661 turae
252 2597 506 2680 aeternitatique
522 2599 731 2661 eontrarium.
779 2596 844 2660 Sed
869 2595 975 2674 ored0,
990 2595 1044 2658 de·

143 2723 182 2766 os
197 2701 401 2766 immortales
428 2702 586 2786 sparsisse
613 2703 744 2765 animos
768 2702 803 2763 in
827 2722 961 2784 corpora
988 2701 1045 2763 hu·

144 2828 256 2885 mana,
280 2811 319 2869 ut
348 2811 467 2884 essent,
497 2806 555 2888 qui
584 2811 686 2869 terras
716 2810 893 2883 tuerentur,
923 2805 1046 2887 quique

144 2911 338 2974 caelestium
369 2909 519 2973 ordinem
542 2909 817 2994 contemplantes,
840 2909 1048 2974 imitarentur

144 3036 222 3078 eum
253 3016 341 3078 vitae
371 3014 473 3080 modo
504 3020 605 3098 atque
636 3015 834 3078 constantia.
891 3015 962 3079 Neo
991 3035 1046 3079 me

144 3119 254 3182 solum
277 3121 362 3183 ratio
384 3141 424 3183 ao
446 3120 630 3204 disputatio
648 3119 790 3204 impulit,
806 3126 845 3182 ut
864 3120 913 3182 ita
939 3120 1046 3183 crede·

143 3245 224 3302 rem,
254 3223 312 3287 sed
342 3225 497 3288 nobilitas
528 3225 631 3287 etiam
661 3245 869 3288 summorum
906 3225 1048 3309 philoso-

143 3328 286 3412 phorum
310 3333 344 3392 et
365 3329 553 3392 auotoritas.
611 3327 801 3391 Audiebam
821 3329 1047 3414 Pythagoram

145 3432 448 3518 Pythagoreosque,
471 3432 597 3495 incolas
624 3453 729 3516 paene
752 3438 891 3511 nostros,
914 3434 973 3515 qui
999 3454 1047 3496 es·

144 3542 221 3601 sent
240 3536 347 3601 Italici
370 3537 559 3621 philosophi
580 3536 752 3619 qnondam
775 3537 949 3617 nominati,
965 3557 1048 3602 nun·
