2475 4092
229 285 271 351 18
400 303 660 351 Tuscuu'nnnauu
682 307 954 352 orarurartonuu

272 459 348 524 XV.
373 458 465 538 Quid
487 459 522 523 in
538 459 600 524 hac
619 459 799 544 republica
817 464 869 524 tot
883 465 1065 546 tantosque
1081 464 1134 528 vi·

225 585 288 644 ros,
304 567 431 628 obrem
454 565 621 648 publicam
639 563 835 644 interlectos,
851 567 1019 650 cogitasse
1042 570 1134 632 arbi-

225 668 372 734 tramur?
394 669 555 732 iisdemne
577 675 617 732 ut
637 667 758 732 finibus
782 690 906 733 nomen
925 693 1039 751 suum,
1053 675 1133 756 qui·

224 776 285 839 bus
314 774 394 852 vita,
423 771 675 836 terminaretur?
729 772 839 837 Nemo
868 795 1023 858 unquam
1053 778 1133 842 sine

224 899 349 963 magna
373 897 430 961 spe
445 875 703 940 immortalitatis
727 897 763 940 se
785 898 844 962 pro
867 880 975 962 patria
995 878 1134 945 offerret

224 982 268 1046 ad
282 987 432 1045 mortem.
476 980 527 1043 33.
552 980 665 1044 Licuit
679 1002 750 1044 esse
766 983 874 1045 otioso
895 983 1133 1064 Themistocli,

224 1086 318 1150 licuit
340 1085 601 1170 Epaminondae,
615 1085 717 1164 licuit,
732 1107 775 1149 ne
797 1092 832 1150 et
846 1092 958 1153 vetera
972 1096 1007 1154 et
1021 1096 1133 1155 exter·

225 1212 269 1254 na
285 1209 453 1272 quaeram,
468 1189 567 1267 mihi;
590 1188 657 1266 sed,
672 1190 784 1252 nescio
799 1211 866 1272 quo
879 1191 994 1270 modo,
1010 1193 1132 1256 inhae-

222 1299 272 1357 ret
285 1295 320 1356 in
343 1293 509 1354 mentibus
525 1292 622 1374 quasi
645 1292 852 1356 saeculorum
876 1295 1050 1378 quoddam
1068 1319 1132 1362 au·

224 1398 356 1483 gurium
386 1394 580 1474 futurorum,
603 1395 704 1479 idque
729 1397 765 1459 in
791 1399 947 1462 maximis
976 1400 1133 1486 ingeniis

224 1500 458 1582 altissimisque
473 1500 595 1562 animis
611 1506 645 1562 et
658 1501 787 1564 exsistit
801 1503 956 1582 maxime,
971 1510 1007 1567 et
1022 1526 1133 1591 appa·

223 1611 273 1670 ret
298 1603 463 1669 facillime.
521 1602 600 1680 Quo
627 1604 762 1686 quidem
785 1605 932 1691 dempto,
949 1610 1026 1692 quis
1051 1617 1134 1676 tam

222 1715 310 1774 esset
325 1728 450 1786 amens,
465 1707 523 1790 qui
546 1728 675 1792 semper
688 1709 724 1771 in
737 1708 903 1774 laboribus
919 1717 954 1776 et
967 1715 1133 1797 periculis

222 1811 369 1878 viveret?

265 1917 317 1981 34.
340 1916 474 1998 Loquor
489 1915 531 1978 de
546 1915 761 1999 principibus:
779 1918 861 2001 quid
874 1921 1020 2004 podtae'l
1041 1944 1134 1988 non-

223 2043 265 2086 ne
288 2027 366 2105 post
395 2026 535 2082 mortem
565 2019 731 2082 nobilitari
753 2023 893 2088 volunt?
925 2025 1017 2090 unde
1045 2049 1134 2116 ergo

224 2125 307 2190 illud
318 2125 331 2188 l

329 2260 468 2330 Adspicite,
481 2277 495 2311 o
507 2260 581 2325 dves,
593 2263 661 2314 senis
673 2263 746 2316 Enni
757 2265 1015 2338 imagini'sormam.

365 2347 416 2401 Hic
425 2351 538 2401 vostrum
546 2349 639 2416 peracit
650 2351 848 2421 mamfredo
855 2363 969 2423 pumma

226 2489 413 2560 Mercedem
435 2488 557 2574 gloriae
580 2488 710 2575 flagitat
725 2494 767 2555 ab
783 2493 832 2574 iis,
847 2516 988 2578 quorum
1011 2504 1131 2582 patres

223 2599 377 2666 affecerat
391 2593 511 2681 gloria;
533 2593 698 2678 idemque,

359 2733 441 2790 Nemo
452 2750 491 2786 me
502 2733 623 2786 &mma
633 2734 737 2801 decoret,
750 2734 966 2806 wsumofletu

394 2823 482 2878 Facit.
525 2821 597 2877 Cirr?
620 2823 699 2876 Volito
710 2825 781 2877 viou’
791 2843 838 2896 per
848 2844 894 2880 cra
905 2829 999 2882 virdm.

224 2968 291 3034 Sed
305 2965 386 3049 quid
397 2961 538 3050 politas?
585 2960 731 3047 Opifices
746 2970 822 3047 post
843 2971 983 3030 mortem
999 2971 1128 3036 nobili·

219 3074 283 3139 tari
307 3071 431 3135 volunt
488 3068 583 3148 Quid
612 3069 702 3132 enim
728 3068 862 3134 Phidias
888 3072 941 3135 sui
970 3073 1128 3142 similem

218 3179 362 3267 speciem
385 3175 519 3242 inclusit
540 3174 575 3239 in
598 3173 714 3260 clypeo
740 3173 917 3256 Minervae,
938 3197 1047 3259 quum
1069 3180 1128 3246 in.

217 3287 354 3352 scribere
377 3305 444 3349 non
469 3278 604 3346 liceret?
660 3280 754 3359 Quid
780 3281 883 3345 nostri
900 3281 1128 3369 philosophi?

215 3413 325 3459 nonne
342 3392 377 3456 in
403 3392 444 3455 iis
464 3388 545 3476 ipsis
570 3387 671 3468 libris,
693 3408 777 3471 quos
802 3387 950 3451 scribunt
971 3387 1014 3451 de
1039 3411 1128 3458 con.

214 3497 393 3563 temnenda
408 3495 522 3582 gloria,
538 3513 599 3558 sua
614 3494 751 3557 nomina
765 3490 975 3556 inscribunt?
