2475 4092
237 297 280 362 72
516 318 668 362 sorsmuu
691 317 863 362 sermome.

236 491 325 550 quum
340 471 377 532 de
391 471 538 532 Platonico
558 471 620 532 Ere
637 471 791 549 jactantur,
803 472 890 532 etiem
911 471 1054 550 quietern
1077 468 1162 528 Asu·-

236 571 303 631 oani
322 572 411 630 nostri
433 570 601 630 somniantis
624 569 766 642 incusant,
786 571 952 630 resistamus
974 568 1118 648 urgenti,
1132 581 1161 627 et

237 668 342 728 smstra
354 687 480 748 arguens
493 667 650 739 refellatur,
664 677 715 727 eto.
725 666 855 739 -Idem
869 688 930 744 cop.
945 665 982 726 ΙΙ.

277 862 443 942 Scipionem
462 861 535 922 haec
548 861 663 921 occasio
677 861 713 919 ad
726 861 898 920 narrandum
911 861 1071 921 somnium
1091 881 1155 938 pro·

237 962 360 1032 vocavit,
370 960 446 1038 quod
459 961 547 1038 longo
559 971 689 1039 tempore
704 979 736 1018 se
750 969 868 1019 testatus
880 970 924 1019 est
942 959 1069 1018 silentio
1083 979 1153 1018 con·

238 1057 352 1117 didisse.
385 1057 485 1128 Quum
495 1057 573 1116 enim
586 1055 704 1116 laelius
714 1069 891 1134 quereretur,
903 1056 999 1116 nullas
1013 1055 1152 1115 Nasicae

238 1165 345 1214 statuas
359 1155 388 1214 in
402 1155 516 1233 publico
530 1154 561 1214 in
579 1153 722 1214 interfecti
742 1155 856 1234 tyranni
876 1153 1150 1213 remunerationem

238 1253 358 1323 locatas,
368 1251 513 1330 respondit
522 1251 620 1330 Scipio
632 1263 695 1330 post
704 1251 761 1311 alin
772 1251 800 1311 in
811 1253 884 1312 haec
894 1253 984 1310 verba
993 1273 1000 1309 τ
1008 1283 1050 1297 -
1063 1251 1150 1310 “Sed

238 1369 413 1428 quamquam
426 1349 601 1428 sapientibus
619 1349 796 1410 conscientia
815 1350 877 1428 ipsa
896 1349 1044 1410 sectorum
1065 1368 1148 1428 egre·

240 1449 351 1528 giorum
365 1446 571 1525 amplissimum
585 1447 694 1506 virtutis
712 1457 755 1506 est
774 1447 951 1526 praemium3
971 1457 1079 1505 tamen
1099 1447 1149 1505 illo

239 1545 335 1604 divina
352 1545 440 1603 virtus
460 1563 518 1602 non
539 1554 646 1602 statuas
667 1544 784 1622 plumbo
802 1543 994 1614 inhaerentem
1016 1563 1079 1602 nec
1100 1544 1145 1602 tri·

239 1643 362 1721 umphos
380 1641 575 1700 arescentibus
595 1641 711 1712 laureis,
724 1640 775 1699 scd
796 1641 939 1700 stabiliora
951 1641 1103 1717 quaedam
1118 1655 1146 1699 et

239 1741 371 1800 viridiora
382 1738 574 1818 proemiorum
585 1758 694 1816 genera
703 1736 874 1796 desiderut”
899 1736 1012 1807 “Quae
1023 1739 1144 1796 tandem

239 1841 386 1900 istasunt?
395 1838 415 1867 '‘
428 1837 518 1914 inquit
528 1835 654 1895 Laetius.
682 1835 760 1894 Tum
770 1835 877 1913 Scipio,
888 1834 1051 1894 “Patimini
1064 1837 1143 1906 me‚''

240 1938 340 2015 inquit,
353 1935 515 2014 “quoniam
530 1934 645 1992 tertium
655 1932 732 1992 diem
742 1933 803 2011 jam
818 1933 909 1992 feriati
920 1934 1056 2004 sumus,’'
1065 1965 1106 1977 -
1115 1947 1142 1992 et

239 2046 347 2104 cetere,
361 2034 463 2110 quibus
475 2031 512 2090 ad
532 2032 724 2090 narrationem
744 2031 847 2090 somnii
860 2031 947 2101 venit,
962 2031 1074 2090 docens
1094 2032 1142 2090 illa

239 2151 304 2191 esse
328 2131 471 2189 stabiliora
494 2141 523 2189 ct
547 2129 679 2188 viridiore
702 2129 893 2207 praemiorum
921 2148 1041 2206 genera,
1065 2150 1139 2206 quae

240 2230 302 2308 ipso
324 2228 439 2286 vidisset
459 2227 487 2286 in
508 2227 590 2286 caclo
607 2229 690 2286 bonis
710 2247 806 2286 rerum
827 2226 1007 2306 publicarum
1025 2241 1139 2286 servata

241 2326 405 2386 rectoribus.
416 2357 457 2370 -
466 2324 555 2396 Idem,
569 2345 631 2401 cop.
647 2324 697 2383 IV.
