2475 4092
411 347 563 390 sonmun
584 348 754 392 sermonis.
982 324 1024 390 75

130 521 199 583 que
215 501 417 579 couverterit,
432 500 564 584 duoque
587 502 620 564 hi
636 501 773 576 numeri,
788 521 926 583 quorum
942 505 1026 568 ntes
1117 493 1120 500 ’

130 626 199 687 que
216 606 341 690 plenus,
356 604 439 668 alter
460 603 563 670 altera
576 605 618 668 de
640 601 750 684 causa,
766 605 911 681 habetur,
927 605 1027 672 circu·

131 711 185 774 itu
199 709 340 773 naturali
355 730 522 775 summam
538 711 598 773 tibi
613 709 748 774 fatalem
770 694 1029 789 consenantia

131 820 167 878 te
183 836 289 878 unum
305 820 405 896 atque
420 814 456 877 in
471 820 568 878 tuum
584 836 705 880 nomen
722 835 757 878 ee
771 820 843 878 tota
861 821 1026 880 convertet

131 918 268 996 civitas;
290 924 323 980 te
347 924 491 997 senatus,
512 924 546 982 te
570 939 686 985 omnes
712 918 800 997 boni,
825 923 858 980 te
883 919 972 995 socii,
992 924 1031 984 te·

135 1021 249 1086 latini
265 1024 501 1102 intuebuntur;
522 1024 639 1086 tueris
656 1045 751 1101 unus,
765 1023 800 1087 in
818 1043 885 1105 quo
907 1023 1027 1088 nitatur

132 1127 277 1190 civitatis
297 1127 404 1204 salus;
427 1148 475 1206 ac,
490 1148 533 1192 ne
549 1127 664 1206 multa,
679 1127 819 1191 dictator
839 1148 907 1190 rem
923 1127 1026 1211 publi·

131 1251 209 1294 cam
225 1232 407 1294 constituas
434 1237 570 1316 oportet,
586 1233 614 1294 si
628 1232 749 1318 impias
770 1231 1026 1316 propinquorum

132 1356 255 1399 manus
270 1334 449 1420 effugeris.''

178 1438 244 1502 Hic
259 1460 365 1521 quum
380 1439 595 1504 exclamasset
615 1439 760 1517 Laelius
775 1438 1026 1525 ingemuissent·

91 1531 99 1540 ’
131 1565 198 1627 que
222 1545 320 1607 ceteri
346 1544 584 1624 vehementius,
599 1546 713 1608 leniter
734 1545 876 1608 arridens
903 1545 1025 1631 Scipio,

131 1655 150 1689 “
165 1648 331 1725 Quaes0‚”
346 1648 463 1730 inquit,
479 1655 550 1712 “ne
578 1671 629 1712 me
645 1671 663 1712 e
679 1670 797 1712 somno
822 1649 970 1714 excitetis
993 1657 1026 1714 et

130 1752 296 1836 rumpatis
313 1752 430 1814 visum.
477 1752 598 1816 Audite
614 1753 749 1816 cetera.’'

177 1857 237 1919 ΙΙΙ.
260 1855 356 1920 “Sed
372 1876 439 1937 quo
455 1856 510 1933 sis,
528 1854 689 1936 Alricane,
705 1856 839 1920 alacrior
854 1857 896 1922 ad
916 1862 1025 1922 tutan·

131 1961 213 2024 dum
237 1981 306 2023 rem
337 1959 513 2045 publicam,
540 1960 588 2022 sic
618 1961 755 2022 habeto:
779 1962 943 2041 omnibus,
968 1963 1026 2044 qui

130 2065 273 2150 patriam
303 2064 535 2142 conservarint,
562 2062 753 2146 adjuverint,
778 2066 937 2144 auxerint,
960 2088 1025 2130 cer.

129 2175 205 2232 tum
227 2189 298 2230 esse
312 2169 348 2230 in
363 2167 455 2230 caelo
470 2189 511 2230 ac
525 2165 698 2230 definitum
720 2167 841 2248 locum,
856 2170 914 2232 ubi
936 2171 1024 2236 beati

129 2294 215 2337 aevo
239 2273 438 2356 sempiterno
464 2271 622 2336 truantur.
677 2271 766 2336 Nihil
791 2280 841 2337 est
866 2275 955 2340 euim
977 2275 1025 2343 illi

130 2379 270 2464 principi
296 2377 367 2455 deo,
393 2378 451 2460 qui
471 2398 605 2440 omnem
630 2377 716 2441 hunc
745 2379 908 2443 mundum
932 2381 1024 2464 regit,

130 2482 221 2565 quod
236 2481 370 2564 quidem
386 2481 421 2544 in
436 2480 527 2543 terris
549 2477 618 2559 fiat,
634 2482 809 2565 acceptius
824 2504 926 2564 quarn
949 2505 1023 2548 con·

130 2586 209 2651 cilia
223 2592 402 2666 coetusque
419 2584 590 2648 hominum
608 2584 680 2666 jure
705 2586 830 2664 sociati,
846 2608 930 2668 quae
946 2587 1022 2652 civi·

129 2696 218 2754 tates
238 2688 453 2773 appellantur.
499 2687 629 2751 Harum
644 2694 783 2751 rectores
799 2695 832 2752 et
853 2711 1026 2754 conserva·

129 2802 226 2872 tores,
243 2795 317 2857 hinc
338 2790 482 2877 profecti,
497 2792 562 2856 huc
578 2793 809 2856 revertuntur.”

175 2898 242 2962 Hic
256 2918 327 2982 eg0,
343 2896 405 2960 etsi
427 2917 517 2959 eram
535 2895 721 2979 perterritus
746 2917 812 2958 non
833 2901 903 2959 tam
929 2905 1023 2964 metu

129 3004 254 3082 mortis,
269 3023 371 3084 quam
391 3001 586 3064 insidiarum
602 3022 623 3063 a
638 3001 729 3080 meis,
741 3002 888 3083 quaesivi
899 3008 1027 3085 tamen.

129 3110 293 3172 viveretne
313 3107 383 3191 ipse
398 3112 432 3169 et
454 3105 589 3170 Paullus
609 3110 701 3190 pater
722 3110 755 3168 et
778 3105 843 3184 alii,
858 3129 941 3190 quos
959 3131 1021 3174 nos

130 3213 309 3278 exstinctos
325 3210 560 3275 arbitraremur.
613 3209 753 3274 “Immo
778 3212 881 3290 vero,''
904 3213 1026 3296 inquit.

129 3318 184 3382 “ii
206 3316 330 3394 vivunt,
351 3315 409 3397 qui
431 3335 470 3377 ex
489 3334 662 3399 corporum
685 3313 832 3391 vinculis,
847 3321 1022 3398 tamquam

131 3446 149 3488 e
172 3440 308 3497 carcere,
328 3419 556 3482 evolaverunt:
578 3421 687 3480 vestra
705 3438 780 3480 vero
798 3440 883 3500 quae
904 3421 1023 3486 dicitur

129 3529 209 3606 vita,
223 3546 312 3588 mors
336 3530 394 3588 est
441 3522 534 3599 Quin
557 3527 595 3585 tu
622 3520 763 3605 adspicis
786 3522 829 3586 ad
844 3529 876 3586 te
891 3525 1021 3589 venien·
