2475 4092
314 375 414 419 urana
437 375 457 419 1.
503 377 573 419 cnr.
596 378 719 421 xxvrrr.
742 377 838 421 xxrx.
981 357 1024 421 37

10 509 16 584 ἶ.
126 531 200 590 t'um
223 527 472 592 multitudinem
494 530 670 614 pecudum,
685 531 806 616 partim
829 531 873 594 ad
896 552 1025 595 vescen-

10 639 15 678 ἱ
127 631 218 711 dum,
234 633 354 717 partim
377 635 419 697 ad
442 634 549 698 cultus
574 657 737 720 agrorum,
761 636 881 720 partim
905 636 949 699 ad
971 657 1025 699 ve·

127 737 282 818 bendum,
309 738 428 823 partim
458 739 503 803 ad
532 743 668 825 corpora
696 741 887 822 vestienda3
921 741 1024 804 homi-

10 885 13 890 ·
126 863 270 924 nemque
295 843 416 928 ipsum,
441 845 537 927 quasi
562 845 857 929 contemplatorem
881 845 1026 909 caeliae

10 959 12 997 ῑ
126 946 272 1027 deorum,
306 968 486 1031 eorumque
523 948 706 1029 cultorem3
744 954 844 1031 atque
881 950 1025 1013 hominis

10 1065 13 1102 7
126 1050 263 1115 utilitati
289 1074 385 1138 agros
411 1075 527 1117 omnes
554 1059 588 1116 et
612 1054 718 1117 maria
741 1053 1025 1139 parentiaz—70.

10 1171 13 1210 ἰ
127 1157 209 1220 haec
223 1158 323 1242 igitur
335 1164 369 1221 et
385 1158 450 1222 alia
465 1159 720 1223 innumerabilia
731 1181 836 1242 quum
851 1159 1025 1238 cernimus,

127 1283 346 1346 possumusne
362 1263 521 1344 dubitare,
537 1265 618 1347 quin
641 1265 682 1327 iis
698 1265 820 1349 praesit
838 1264 957 1347 aliquis
972 1263 1025 1328 vel
1098 1271 1103 1277 ’

127 1365 266 1446 effector,
294 1369 322 1431 si
349 1368 431 1432 haec
457 1375 537 1432 nata
561 1375 647 1448 sunt,
668 1375 707 1432 ut
728 1369 861 1447 Platoni
886 1369 1025 1448 videtur,

126 1470 188 1550 vel,
204 1473 232 1534 si
255 1493 384 1558 semper
405 1473 546 1553 suerunt,
569 1479 607 1537 ut
632 1474 799 1538 Aristoteli
823 1473 939 1558 placet,
955 1495 1026 1537 mo·

126 1575 255 1639 derator
278 1579 363 1641 tanti
390 1579 496 1662 operis
520 1584 555 1641 et
578 1577 747 1641 muneris?
794 1578 851 1642 Sic
877 1584 1025 1642 mentem

127 1680 280 1760 hominis,
296 1683 448 1764 quamvis
463 1704 539 1745 eam
563 1703 629 1745 non
645 1682 768 1761 videas,
783 1689 822 1746 ut
840 1683 941 1746 deum
957 1704 1025 1746 non

127 1783 229 1862 vides,
244 1789 367 1864 tamen,
382 1792 421 1849 ut
435 1786 535 1849 deum
552 1787 705 1870 agnoscis
721 1808 760 1848 ex
776 1788 931 1871 operibus
946 1787 1026 1870 ejus,

128 1887 175 1950 sic
190 1909 230 1950 ex
245 1891 405 1952 memoria
419 1911 536 1968 rerum,
552 1897 586 1954 et
601 1891 800 1967 inventione,
811 1896 844 1953 et
858 1890 1025 1953 celeritate

128 1998 249 2071 motus„
266 1994 423 2076 omnique
445 1993 687 2078 pulchritudine
709 1995 838 2058 virtutis
852 1995 921 2057 vim
943 1993 1024 2058 divi·

128 2119 208 2161 nam
224 2098 344 2161 mentis
360 2099 542 2183 agnoscito.

173 2201 299 2264 XXIX.
325 2203 361 2265 In
386 2224 453 2285 quo
477 2203 577 2288 igitur
598 2202 671 2266 loco
689 2202 765 2267 est?
812 2203 919 2267 Credo
935 2202 1025 2285 equi·

128 2305 203 2370 dem
228 2307 264 2370 in
290 2309 407 2392 capite,
432 2314 473 2387 et,
495 2329 551 2371 cur
578 2308 720 2387 credam,
742 2306 854 2372 afferre
878 2329 1024 2393 possum.

130 2410 197 2475 Sed
221 2412 312 2492 alias,
335 2413 394 2475 ubi
419 2413 462 2476 sit
487 2413 638 2493 animus;
660 2418 747 2476 certe
772 2413 908 2495 quidem
930 2412 965 2475 in
988 2418 1023 2476 te

128 2522 187 2579 est.

174 2622 272 2699 Quae
297 2627 347 2685 est
367 2623 398 2684 ei
424 2622 565 2686 naturai
611 2623 756 2708 Propria,
775 2628 867 2707 puto,
893 2627 928 2684 et
953 2643 1024 2686 sua.

130 2723 198 2788 sed
213 2725 266 2789 sac
288 2727 432 2811 igneam,
447 2726 500 2790 fac
519 2726 728 2812 spirabilem:
751 2725 832 2789 nihil
856 2726 899 2789 ad
923 2726 967 2806 id,
982 2727 1024 2790 de

128 2850 194 2910 quo
210 2832 350 2914 agimus.
396 2832 482 2895 Illud
504 2833 604 2895 modo
620 2833 740 2909 videto,
756 2837 795 2894 ut
809 2831 910 2894 deum
927 2831 1024 2912 noris,

128 2934 191 2996 etsi
205 2935 275 3017 ejus
295 2936 423 3019 ignores
439 2942 472 2999 et
487 2935 597 3022 locum
613 2935 789 3014 etfaciam,
805 2937 852 2999 sio
872 2936 1023 3001 animum

127 3039 188 3101 tibi
214 3044 312 3101 tuum
336 3046 454 3103 notum
481 3062 552 3104 esse
577 3046 733 3126 oportere,
761 3040 862 3102 etiam
885 3040 914 3103 si
930 3041 1023 3125 igno·

126 3163 177 3205 res
208 3147 241 3204 et
262 3140 374 3205 locum
397 3150 430 3207 et
451 3142 601 3207 formam.
645 3144 697 3207 71.
721 3144 760 3208 In
785 3145 889 3207 animi
909 3151 1023 3208 autem

127 3247 318 3331 cognitione
333 3247 483 3311 dubitare
505 3270 572 3312 non
589 3270 776 3333 possumne,
792 3249 855 3311 nisi
876 3248 973 3333 plane
988 3251 1024 3313 in

128 3352 273 3437 physicis
298 3351 444 3436 plumbei
474 3375 598 3432 sumuS,
622 3355 702 3436 quin
730 3353 811 3416 nihil
834 3354 878 3416 sit
902 3355 1023 3417 animis

129 3457 326 3537 admixtum,
356 3456 437 3520 nihil
474 3465 672 3537 concretum,
703 3459 785 3522 nihil
821 3457 1023 3542 copulatum,

129 3562 209 3626 nihil
225 3569 506 3650 coagmentatum,
522 3564 604 3630 nihil
624 3564 753 3649 duplex.
801 3562 903 3642 Quod
918 3582 1022 3645 quum
