2475 4092
398 356 473 398 mvn
497 357 540 398 na
564 357 770 398 sannorum.
994 336 1037 402 89

129 509 213 574 dem
229 509 332 595 igitur
353 529 425 572 esse
448 509 615 587 ereditote,
631 511 733 572 etiam
754 511 781 573 si
804 511 931 574 nullum
949 511 1036 576 vide-

129 614 222 676 bitis.
269 614 341 678 Nec
356 635 432 676 vero
453 613 616 677 clarorum
642 615 784 677 virorum
806 623 1037 698 postmortem

131 719 276 782 honores
306 725 544 803 permanerent,
573 721 602 782 si
633 719 713 781 nihil
744 741 856 782 eorum
888 720 1035 804 ipsorum

130 824 240 888 animi
263 822 436 902 efficerent,
459 845 526 904 quo
549 823 676 886 diutius
699 825 895 888 memoriam
917 825 967 887 sui
991 831 1037 889 te·

131 949 297 992 neremus.
338 928 422 991 Mihi
433 929 569 1014 quidem
586 950 759 1010 nunquam
776 929 964 1012 persuaderi
980 951 1037 1013 po·

130 1033 208 1110 tuit,
226 1033 367 1111 animoa
382 1033 462 1095 dum
488 1033 523 1095 in
550 1033 739 1116 corporibus
761 1040 871 1095 esseut
892 1033 1035 1096 mortali·

131 1139 208 1217 bus
233 1138 357 1217 vivere3
388 1158 494 1219 quum
515 1139 660 1200 exissem
686 1159 726 1199 ex
753 1137 803 1215 iis,
829 1139 950 1201 emori:
974 1159 1037 1202 neo

132 1263 220 1320 vero,
243 1248 317 1305 tum
341 1244 495 1305 autmum
522 1263 593 1304 esse
620 1243 843 1325 insipientem,
867 1265 973 1326 quum
995 1264 1035 1306 ex

128 1348 304 1432 insipienti
320 1368 452 1430 corpore
469 1349 645 1425 evasisset;
676 1347 734 1410 sed
750 1369 856 1429 quum
871 1349 963 1411 omni
979 1348 1035 1412 ad·

129 1452 295 1515 mixtione
333 1453 475 1536 eorporis
511 1451 678 1531 liberatus,
709 1474 810 1536 purus
841 1460 874 1515 et
908 1455 1036 1538 integer

128 1577 205 1620 esse
228 1557 401 1640 coepisset,
415 1563 490 1619 tum
513 1578 584 1619 esse
608 1558 801 1641 sapientem.
848 1557 960 1639 Atque
976 1559 1035 1621 eti-

128 1682 201 1741 am,
231 1682 336 1743 quum
367 1661 511 1723 hominis
542 1668 661 1723 natura
697 1667 802 1723 morte
838 1661 1034 1742 dissolvitur,

127 1771 315 1829 ceterarum
341 1787 450 1828 rerum
477 1767 689 1849 perspicuum
713 1772 764 1828 est
788 1787 854 1847 quo
881 1787 1034 1848 quaeque

128 1869 322 1949 discedant3
345 1872 471 1933 abeunt
490 1871 579 1933 enirn
600 1870 680 1933 illuo
704 1871 827 1948 omnia,
851 1870 939 1932 unde
963 1875 1034 1934 orta

128 1980 228 2039 sunt:
251 1976 385 2038 animus
401 1980 515 2038 autern
531 1975 621 2037 solus
639 1995 708 2053 nee,
723 1996 828 2056 quurn
844 1975 947 2053 adest,
963 1995 1034 2053 neo,

128 2100 235 2161 quum
261 2078 410 2157 discedit,
425 2085 570 2163 apparet.
613 2077 692 2141 Jam
715 2097 789 2140 vero
807 2078 935 2156 videtis,
953 2077 1034 2141 nihil

129 2203 204 2245 esse
230 2184 329 2245 morti
353 2189 424 2245 tam
448 2183 564 2261 simile,
588 2204 691 2265 quarn
717 2204 881 2246 somnum.
929 2182 1062 2267 Atqui.

128 2287 368 2350 dormientium
391 2287 496 2350 animi
518 2288 665 2350 maxIme
691 2287 860 2350 declarant
879 2287 1032 2350 divinita·

128 2398 199 2456 tem
216 2414 334 2456 suam:
358 2392 465 2455 multa
490 2393 589 2469 enim,
605 2413 711 2473 quum
735 2393 862 2454 remissi
883 2399 916 2454 et
939 2392 1032 2457 liberi

130 2502 220 2575 sunt,
246 2495 357 2559 sutura
382 2497 594 2580 prospiciunt.
651 2495 703 2559 Ex
734 2518 800 2578 quo
827 2497 1031 2582 intelligitur,

128 2601 246 2684 quales
262 2599 364 2665 futuri
384 2602 460 2680 sint,
474 2622 580 2684 quum
596 2623 631 2664 se
651 2601 747 2686 plane
763 2603 904 2685 eorporis
920 2603 1031 2664 vineu-

129 2706 170 2770 lis
185 2707 409 2770 relaxaverint
458 2706 580 2785 Quare,
595 2707 624 2768 si
647 2707 728 2769 haee
748 2707 796 2768 ita
812 2712 897 2784 sunt,
914 2707 961 2768 sio
977 2727 1031 2768 me
1075 2687 1078 2694 ¹

101 2811 105 2817 ’
128 2813 264 2876 nolitote
281 2819 319 2875 ut
334 2812 453 2874 deum:
476 2813 527 2875 sin
543 2834 611 2875 una
628 2818 678 2874 est
692 2811 881 2875 interiturus
897 2811 1031 2874 animus

129 2940 207 2981 curn
224 2939 367 3002 corpore,
384 2940 443 2981 vos
458 2924 582 2996 tamen,
597 2918 679 2980 deos
694 2922 851 2995 verenteS,
865 2917 923 2999 qui
946 2917 1031 2980 hano

129 3043 267 3086 omnem
294 3022 573 3106 pulchritudinem
599 3028 735 3085 tuentur
757 3027 790 3084 et
815 3028 943 3106 regunt,
964 3043 1029 3084 me·

129 3128 270 3190 moriam
286 3127 388 3189 nostri
404 3128 458 3211 pie
473 3127 697 3209 inviolateque
713 3126 912 3189 servabitis.’'

174 3232 304 3296 XXIII.
331 3232 438 3316 Cyrus
454 3231 590 3315 quidem
606 3233 689 3294 haee
705 3232 857 3294 moriens.
904 3233 984 3312 Nos,
1001 3233 1029 3295 si

128 3338 248 3423 placet,
263 3343 375 3400 nostra
398 3338 580 3400 videamus.
628 3337 737 3400 Nemo
759 3359 909 3420 unquam
938 3337 1029 3416 mihi,

130 3443 255 3527 Scipio,
271 3441 491 3526 persuadebit,
507 3448 568 3504 aut
590 3447 717 3524 patrem
742 3448 838 3505 tuum
863 3440 1028 3520 Paullum,

127 3556 188 3613 aut
203 3548 289 3610 duos
313 3568 403 3626 avos,
420 3546 574 3610 Paullum
598 3550 632 3608 et
650 3545 851 3625 Africanum,
868 3551 929 3608 aut
945 3542 1028 3608 Atri-
