2475 4092
202 315 223 382 8
374 337 636 382 nusouunnanuu
658 335 930 381 merummoreuu

202 493 428 572 commemini,
443 497 626 574 antequam
640 510 716 554 sum
738 497 848 568 uatus,
863 511 919 554 me
935 490 1112 556 misemm.

205 595 259 660 'I'u
274 598 302 661 si
318 597 451 660 meliore
465 597 627 660 memoria
641 616 686 674 es,
701 593 802 658 velim
817 595 909 675 scire,
925 597 1049 679 ecquid
1064 597 1111 660 de

201 705 235 764 te
250 701 424 765 recordere.

246 805 325 869 VII.
350 804 391 869 A.
422 805 474 869 Ita
492 803 622 889 jocaris,
637 803 733 885 quasi
755 823 818 888 ego
834 802 945 866 dicam
969 825 1028 866 eos
1044 805 1109 867 mi·

201 929 299 988 seros,
315 909 374 993 qui
389 909 461 972 nati
475 928 542 972 non
559 912 656 985 sunt,
678 911 712 969 et
731 927 799 970 non
814 927 882 985 eos,
898 908 957 989 qui
979 908 1109 972 mortui

202 1019 287 1076 sunt.
334 1010 382 1075 M.
412 1011 494 1075 Esse
513 1031 589 1096 ergo
605 1031 662 1072 eos
678 1009 769 1073 diois.
816 1009 855 1074 A.
888 1011 1008 1090 Immo,
1023 1013 1109 1094 quia

202 1137 269 1180 non
292 1117 369 1194 sint,
393 1136 497 1198 quum
523 1112 653 1192 luerint,
679 1134 720 1176 eo
749 1115 886 1178 miseros
916 1135 999 1178 esse.
1056 1115 1107 1180 Μ

204 1219 395 1305 Pugnantia
417 1225 450 1282 te
472 1219 562 1302 loqui
585 1238 652 1281 non
668 1217 784 1280 vidos?
814 1219 898 1300 quid
918 1220 1010 1282 enim
1030 1225 1107 1284 tam

202 1327 340 1408 pugnat,
355 1343 457 1405 quam
481 1341 547 1384 non
570 1321 671 1385 modo
696 1321 864 1401 miserum,
879 1321 938 1385 sed
962 1324 1107 1388 omnino

191 1425 386 1509 'quidquam
412 1425 573 1508 esse,qui
597 1424 756 1488 nonsit?
804 1426 857 1489 An
884 1431 924 1490 tu
950 1448 1108 1512 egressus

202 1536 298 1616 porta
323 1531 469 1617 Capena,
491 1552 595 1614 quum
622 1529 775 1610 Calatini,
801 1530 1008 1616 Scipionum,
1030 1532 1107 1597 Ser·

201 1635 363 1714 viliorum,
382 1633 591 1699 Metellorum
606 1633 756 1718 sepulcra
769 1635 871 1715 vides,
888 1636 1028 1700 miseros
1043 1660 1105 1723 pu·

200 1746 254 1805 tas
275 1739 374 1804 illos?
420 1737 460 1802 A.
493 1736 666 1815 Quoniam
683 1758 736 1801 me
751 1742 849 1802 verbo
865 1741 997 1824 premis,
1012 1749 1105 1826 post-

200 1846 264 1910 hae
293 1867 360 1910 non
390 1843 439 1906 ita
465 1841 584 1921 dicam,
611 1844 744 1906 miseros
770 1863 848 1922 esse,
870 1843 930 1907 sed
955 1851 1104 1928 tantum,

200 1951 341 2028 miseros,
357 1949 400 2011 ob
422 1945 458 2009 id
480 1946 601 2030 ipsum,
615 1946 697 2027 quia
719 1966 785 2009 non
808 1953 895 2010 sunt.
941 1946 989 2010 M.
1021 1949 1103 2016 Non

200 2054 282 2118 diois
308 2054 417 2137 igitur,
440 2051 537 2114 miser
559 2057 605 2114 est
627 2049 675 2113 M.
698 2049 848 2131 Orestam
872 2053 930 2116 sed
953 2060 1102 2135 tantum,

200 2156 355 2222 miserM.
374 2153 517 2219 masne
562 2154 868 2240 14.A.1taplane.
914 2158 961 2223 M.
989 2160 1102 2238 Quasi

201 2280 268 2324 non
284 2278 417 2321 neeesse
441 2258 492 2336 sit,
508 2256 670 2341 quidquid
691 2257 755 2320 isto
770 2260 871 2323 modo
895 2266 1101 2346 pronunties,

199 2363 235 2428 id
251 2368 310 2426 aut
333 2383 405 2426 esse
431 2367 492 2424 aut
513 2382 580 2424 non
606 2381 686 2424 esse.
732 2363 785 2426 An
801 2369 839 2426 tu
854 2365 1037 2433 dialecticis
1055 2391 1100 2434 ne

97 2465 100 2478 ¹
199 2469 349 2532 imbutus
365 2466 500 2550 quidem
517 2465 577 2529 es?
624 2466 788 2550 Inprimis
803 2470 893 2533 enim
914 2473 976 2536 hoo
997 2474 1098 2538 nadi-

198 2579 271 2638 tur:
294 2593 394 2637 omne
410 2571 662 2657 pronuntiatum
678 2571 739 2654 (sic
754 2573 842 2636 enim
858 2576 940 2639 mihi
956 2579 989 2642 in
1005 2600 1098 2664 prae·

197 2683 305 2747 sentia
320 2681 468 2759 occurrit,
483 2686 523 2743 ut
538 2678 735 2764 appellarem
756 2665 900 2763 ἆξίωμα;
922 2691 997 2749 utar
1018 2693 1097 2772 post

197 2787 272 2868 alio,
287 2789 315 2852 si
330 2790 484 2852 invenero
500 2785 651 2871 melius3)
676 2784 710 2848 id
733 2806 809 2870 ergo
833 2794 883 2851 est
904 2792 1095 2873 pronuntia-

195 2899 277 2973 tum,
293 2895 382 2978 quod
401 2899 451 2957 est
473 2913 588 2954 vemm
611 2897 671 2954 aut
692 2889 822 2954 salsum.
870 2893 987 2972 Quum
1011 2895 1095 2962 diois

193 2998 302 3084 igitur,
317 3001 413 3064 miser
429 2998 476 3064 M.
500 2996 634 3062 Orassm
642 3017 655 3074 ,·
678 3002 737 3060 aut
752 2997 814 3060 hoo
829 2997 920 3078 diois,
935 3001 1033 3064 miser
1047 3010 1096 3068 en

194 3104 241 3169 Μ
258 3103 400 3186 Crassior,
416 3113 454 3170 ut
468 3104 574 3192 possit
585 3102 735 3188 judicari,
748 3124 862 3166 verum
878 3104 913 3167 id
927 3103 1095 3170 falsumne

192 3213 251 3294 sit;
274 3222 334 3280 aut
348 3216 428 3280 nihil
443 3213 527 3279 dicis
543 3211 690 3276 omnino.
736 3208 775 3274 A.
803 3211 877 3295 Age
889 3211 961 3295 jam
977 3230 1095 3274 conce·

97 3350 100 3355 ’
191 3318 243 3398 do,
259 3341 324 3384 uon
348 3343 418 3384 esse
443 3320 590 3396 miseros,
604 3316 663 3399 qui
689 3317 811 3379 mortui
830 3315 906 3393 sint,
931 3315 1094 3396 quoniam

191 3425 360 3504 extorsisti,
377 3431 415 3488 ut
430 3424 556 3500 faterer,
571 3422 630 3503 qui
647 3420 781 3483 omnino
806 3439 873 3481 nou
899 3423 1018 3497 essent,
1034 3440 1093 3483 eos

192 3545 232 3589 ne
248 3528 382 3592 miseros
397 3528 534 3614 quidem
551 3547 622 3588 esse
643 3545 749 3610 posse.
799 3522 915 3600 Quid?
939 3522 997 3605 qui
1013 3523 1094 3586 vivi·
