2475 4092
224 333 267 400 26
391 351 653 398 ruscumnseuu
675 349 945 396 nrsrursrronmr
986 327 990 337 '

271 505 361 572 XXL
387 506 551 586 Quamvis
573 505 706 590 eopiose
721 505 803 570 haee
819 505 1011 582 diueremus,
1026 502 1124 566 sires

225 611 413 698 postularet,
443 633 545 695 quam
582 610 698 690 multa,
728 631 831 693 quam
863 609 964 685 varia,
993 613 1125 690 quanta

225 716 414 802 spectacula
451 716 583 780 animus
619 715 656 778 in
684 715 766 779 loeis
799 713 997 778 caelestibus
1033 717 1124 775 esset

225 820 405 884 habiturus.
463 819 515 884 48.
550 817 649 897 Quae
674 819 810 902 quidem
839 819 1001 903 cogitans,
1030 815 1123 880 soleo

224 947 324 1011 saepe
352 925 461 990 mirari
486 923 720 988 nonnullorum
743 923 954 988 insolentiam
980 920 1122 1006 philoso-

224 1029 375 1115 phorum,
399 1029 456 1111 qui
484 1034 622 1093 naturae
650 1028 877 1112 cognitionem
907 1025 1123 1104 admirantur,

225 1135 361 1218 ejusque
376 1133 539 1196 inventori
554 1138 588 1196 et
610 1132 749 1217 principi
772 1131 894 1218 gratias
917 1129 1123 1193 exsultantes

224 1244 338 1324 agunt,
368 1258 511 1320 eumque
537 1244 734 1300 venerantur
762 1242 802 1300 ut
832 1235 943 1299 deum.
988 1233 1125 1298 Libera·

223 1347 277 1408 tos
293 1342 382 1406 enim
398 1363 432 1404 se
448 1361 504 1426 per
518 1361 596 1405 eum
614 1340 731 1404 dicunt
750 1340 953 1424 gravissimis
968 1338 1125 1416 dominis,

224 1451 343 1511 terrore
367 1446 575 1530 sempiterno,
590 1449 625 1507 et
646 1443 763 1507 diurno
778 1465 819 1506 ac
836 1448 996 1506 nocturno
1019 1447 1125 1505 metu.

229 1548 309 1627 Quo
325 1547 466 1612 terrore?
497 1569 563 1630 quo
586 1545 702 1611 metui
751 1545 850 1624 Quae
872 1551 924 1610 est
944 1567 1029 1610 anus
1048 1551 1126 1608 iam

226 1653 335 1733 delire,
361 1674 448 1736 quae
473 1653 592 1716 timeat
614 1653 688 1731 ista,
712 1673 799 1734 quae
824 1672 883 1716 vos
908 1650 1070 1730 videlieet,
1093 1650 1128 1714 si

224 1758 363 1844 physica
387 1778 455 1822 uon
481 1755 688 1836 didicissetis,
710 1755 894 1820 timeretis?
943 1755 1128 1820 Acherusia

227 1863 344 1943 templa
358 1864 426 1928 ulta
448 1861 533 1941 Orci,
549 1908 556 1924 .
572 1907 580 1924 .
596 1908 604 1924 .
620 1861 765 1942 pallida
786 1862 852 1940 leti,
866 1861 1017 1926 obaubitu
1038 1869 1128 1926 tene·

227 1967 292 2032 bris
308 1969 386 2032 lice.
433 1967 510 2032 Non
533 1965 637 2052 pudet
651 1965 885 2051 philosophum
909 1966 946 2030 iu
968 1986 1009 2028 eo
1027 1965 1128 2051 glori-

227 2071 285 2150 ari,
311 2071 401 2153 quod
425 2072 506 2135 haee
529 2093 597 2136 non
623 2072 741 2135 timeat
768 2076 802 2134 et
824 2070 915 2154 quod
940 2068 1025 2134 falsa
1050 2092 1129 2134 esse

227 2174 444 2259 cognoverit?
490 2174 521 2238 Ε
536 2196 603 2257 quo
619 2175 758 2261 intelligi
772 2181 891 2260 potest,
907 2195 1010 2258 quam
1032 2175 1130 2238 acuti

225 2284 348 2343 natura
373 2278 448 2356 sint,
463 2279 623 2361 quoniam
647 2279 729 2343 haec
753 2280 824 2342 siue
849 2278 1000 2344 doctrina
1023 2278 1130 2342 eredi-

226 2382 293 2446 turi
328 2380 478 2446 luerunt!
536 2382 589 2446 49.
620 2383 827 2447 Praeclarum
863 2389 978 2448 eutem
1011 2386 1129 2446 nescio

226 2485 309 2570 quid
338 2485 450 2571 adepti
484 2492 571 2566 sunt,
601 2489 691 2570 quod
720 2487 913 2568 didicerunt,
943 2509 987 2566 se,
1016 2507 1128 2570 quum

227 2595 360 2676 ternpus
389 2591 504 2656 mortis
540 2593 693 2671 venisset,
721 2598 810 2656 totos
845 2614 916 2656 esse
952 2594 1128 2677 perituros.

229 2695 333 2774 Quod
354 2701 392 2760 ut
407 2698 455 2760 ita
470 2697 522 2776 sit,
539 2696 635 2782 (nihil
649 2698 738 2760 eninr
756 2718 868 2783 pugno
879 2699 901 2781 3)
925 2697 1008 2780 quid
1023 2698 1129 2761 habet

224 2801 292 2864 ista
316 2823 367 2865 res
393 2807 453 2865 eut
473 2800 626 2866 laetabile
646 2806 706 2864 aut
728 2801 931 2887 gloriosum?
977 2801 1049 2866 Nec
1074 2808 1127 2865 ta·

226 2925 303 2968 men
319 2906 401 2969 mihi
425 2927 504 2970 sane
531 2905 714 2988 quidquam
730 2907 877 2985 occurrit,
892 2927 949 2970 eur
975 2927 1043 2969 nou
1060 2904 1128 2990 Py-

226 3008 384 3093 thagorae
413 3010 456 3073 sit
485 3015 520 3073 et
551 3009 700 3073 Platonis
736 3031 812 3073 vera
842 3011 1015 3075 sententia.
1077 3010 1130 3073 Ut

225 3112 317 3174 enim
335 3113 496 3176 rationem
515 3113 609 3178 Plato
633 3113 757 3176 nullam
776 3111 910 3193 afferret,
928 3113 1026 3199 (vide,
1040 3113 1130 3198 quid

226 3216 355 3282 homini
376 3217 519 3280 tribuam
529 3217 550 3302 3)
568 3217 643 3301 ipsa
664 3218 858 3280 auctoritate
874 3238 928 3280 me
943 3215 1130 3302 frangeret;

226 3325 278 3384 tot
303 3325 417 3384 autem
438 3321 580 3384 rationes
607 3319 728 3399 attulit,
750 3327 788 3384 ut
811 3320 893 3384 velle
919 3322 1044 3402 ceteris,
1059 3322 1132 3386 sibi

227 3429 313 3488 certe
329 3423 528 3508 persuasisse
543 3424 702 3486 videatur.

274 3527 383 3591 XXII.
426 3525 478 3589 50.
505 3525 572 3590 sed
590 3527 722 3610 plurimi
742 3533 856 3592 eontra
877 3530 1036 3608 nituntur,
1051 3531 1129 3594 ani·
