2475 4092
407 362 559 406 sonmnn
581 361 754 404 ecmonus.
983 337 1025 402 79

123 517 164 582 in
181 516 269 580 huno
283 515 410 578 locum:
431 515 517 578 sieut
531 513 597 592 alii,
608 515 667 597 qui
682 513 924 599 praestantibus
935 512 1027 597 inge·

127 621 196 684 niis
225 621 260 684 in
286 621 356 683 vita
385 620 534 683 bumana
563 619 677 683 divina
706 618 817 682 studia
846 615 1028 682 coluerunt.

129 725 208 789 Hoc
230 725 343 788 sonitu
358 723 512 809 oppletae
532 745 628 787 aures
651 723 825 786 hominnm
848 721 1026 786 obsurdue-

123 836 225 894 runt:
257 851 319 893 neo
347 836 399 892 est
427 829 515 892 ullus
539 829 687 893 hebetior
712 849 828 892 sensus
853 827 889 890 in
912 827 1026 892 vobis:

124 935 223 1014 siout,
237 934 295 997 ubi
314 934 410 997 Nilus
425 933 468 997 ad
482 932 548 1011 ille,
559 955 645 1016 quae
661 933 838 1017 Catadupa
853 932 1026 996 neminen·

123 1045 190 1117 tur,
206 1038 402 1124 praecipitat
421 1060 463 1102 ex
487 1037 657 1102 altissimis
675 1038 855 1117 montibus,
871 1057 912 1100 ea
935 1057 1027 1122 gens,

124 1143 323 1227 quasillum
338 1142 451 1206 locum
466 1142 595 1222 accolit,
610 1148 741 1227 propter
759 1140 1025 1227 magnitudinem

125 1247 267 1326 sonitus,
282 1267 383 1310 sensu
404 1246 563 1310 audiendi
585 1251 682 1310 caret
729 1245 794 1310 Hie
815 1265 891 1309 vero
909 1250 1025 1308 tentus

126 1355 179 1414 est
208 1350 313 1414 totius
335 1350 453 1414 mundi
478 1351 711 1414 incitatissima
735 1349 947 1414 conversione
973 1369 1024 1413 so·

124 1454 226 1533 nitus,
237 1460 277 1518 ut
287 1475 366 1518 eum
378 1476 474 1518 aures
490 1456 665 1518 hominum
677 1475 792 1539 capere
807 1453 1024 1538 nonpossint,

124 1559 214 1622 siout
235 1560 356 1622 intueri
380 1559 484 1624 solem
511 1560 655 1643 nequitis
678 1560 864 1637 adversum,
887 1557 1023 1642 ejusque

123 1663 228 1727 radiis
241 1665 330 1727 ecies
343 1671 451 1728 vestre
466 1685 648 1747 sensusque
663 1663 832 1728 vincitur.’'

170 1767 265 1832 Haeo
276 1789 339 1853 ego
350 1769 527 1846 admirans,
538 1767 717 1831 referebam
728 1773 842 1832 tamen
853 1765 966 1830 oeulos
979 1763 1024 1834 ad

122 1876 242 1936 terrem
264 1873 454 1937 identidem.
510 1871 570 1936 VL
595 1872 685 1936 Turn
710 1870 894 1948 Africanus,
910 1876 927 1910 ‘⁶
940 1868 1020 1934 Sen-

121 1976 201 2054 tio,''
215 1977 332 2060 inquit,
348 1982 410 2039 “te
425 1976 538 2040 sedern
560 1977 664 2039 etiam
687 1996 775 2040 nune
790 1974 965 2040 hominum
981 1993 1021 2042 ae

122 2079 263 2144 domum
285 2081 519 2165 oontemplari:
541 2102 627 2163 quae
650 2081 682 2144 si·
692 2081 753 2143 tibi
776 2100 884 2165 parva,
900 2084 940 2142 ut
960 2083 1020 2159 est,

120 2185 172 2248 ita
192 2185 330 2265 videtur,
350 2187 433 2250 heeo
456 2185 611 2249 caelestia
634 2205 762 2270 semper
782 2188 940 2268 spectate,
962 2182 1020 2250 ille

121 2290 271 2354 humana
286 2292 499 2356 contemnito·
546 2290 600 2354 Tu
614 2290 704 2353 enim
726 2310 827 2372 quam
851 2288 1018 2356 celebrite-

120 2400 191 2458 tem
212 2395 373 2458 sermonis
395 2394 579 2473 hominum,
595 2399 655 2457 aut
675 2413 778 2476 quarn
797 2392 1018 2477 expetendam

119 2496 260 2582 gloriam
276 2498 435 2580 consequi
457 2496 575 2582 potes?
621 2496 736 2575 Vides,
752 2497 892 2560 habitari
906 2496 941 2560 in
956 2502 1017 2562 ter-

118 2623 156 2666 ra
175 2603 255 2666 reris
270 2608 305 2666 et
319 2603 469 2688 angustis
484 2604 520 2666 in
534 2602 625 2681 loeis,
641 2604 723 2666 etin
737 2602 818 2686 ipsis
833 2602 930 2685 quasi
946 2621 1016 2667 ma·

119 2705 212 2786 culis,
222 2708 281 2770 ubi
296 2707 471 2786 habitatur,
482 2714 594 2771 vastas
605 2706 799 2770 solitudines
810 2705 1015 2789 interjectas:

119 2811 255 2893 hosque,
270 2811 328 2895 qui
349 2811 500 2875 incolunt
518 2817 648 2890 terram,
669 2832 736 2874 non
756 2810 858 2874 modo
879 2810 1016 2876 interru-

118 2921 195 3000 ptos
210 2917 259 2980 ita
273 2937 354 2996 esse,
368 2922 408 2980 ut
422 2915 504 2980 nihil
518 2917 602 2981 inter
619 2917 710 3001 ipsos
725 2917 767 2978 ab
782 2913 855 2978 aliis
872 2913 916 2978 ad
930 2913 1014 2980 alios

119 3041 253 3083 manare
268 3021 382 3104 possit,
398 3019 454 3084 sed
470 3021 589 3104 partim
611 3019 772 3102 obliquos,
788 3017 906 3104 partim
923 3039 1013 3084 aver·

117 3143 183 3203 sos,
198 3126 318 3210 partim
333 3125 436 3189 etiam
452 3125 605 3188 adversos
620 3130 706 3188 stare
720 3125 833 3188 vobis:
856 3143 877 3186 a
891 3123 1012 3206 quibus

116 3235 304 3313 exspectare
319 3228 457 3314 gloriam
472 3235 558 3293 oerte
571 3228 695 3292 nullam
711 3229 857 3313 potestis.
897 3228 1012 3294 Cernis

117 3339 232 3399 eutem
248 3334 389 3397 eandem
410 3340 531 3398 terram
545 3334 642 3416 quasi
664 3332 865 3416 quibusdam
882 3332 1012 3396 redimi·

115 3444 187 3502 tem
214 3445 249 3502 et
276 3438 514 3503 circumdatam
538 3437 700 3523 cingulis3
731 3439 893 3521 equibus
917 3438 1011 3516 duos,

115 3544 260 3608 maxime
274 3545 359 3608 inter
372 3565 408 3608 se
423 3543 576 3625 diversos,
592 3549 626 3608 et
647 3543 729 3608 caeli
745 3543 917 3607 verticibus
929 3542 1011 3628 ipsis
