2475 4092
237 319 281 385 56
411 340 674 384 uuscunassauu
696 341 969 408 nrssurarrorsuu

236 493 279 560 de
294 493 489 560 humatione
504 499 537 558 et
551 495 721 579 sepultura
735 495 913 560 dicendum
929 495 1162 571 existimem

236 621 306 664 rem
321 622 389 665 non
411 599 588 679 difficilem,
602 601 645 664 iis
666 603 858 685 praesertim
880 600 1038 686 cognitis,
1056 620 1159 682 quae

236 703 279 768 de
303 705 385 769 nihil
404 705 578 769 sentiendo
601 705 714 790 paullo
739 706 929 770 antedicta
953 710 1044 768 sunt
1100 703 1157 767 De

235 832 304 894 qua
330 810 482 874 Socrates
507 809 644 892 quidem
670 811 752 893 quid
778 811 923 890 senserit,
939 815 1091 895 apparet
1116 809 1155 872 in

235 935 276 979 eo
291 915 383 995 libro,
398 916 515 997 inquo
540 915 687 994 moritur,
703 915 745 978 de
760 937 827 999 quo
847 915 918 1000 jam
933 920 1010 978 tam
1031 911 1153 976 multa

234 1019 388 1084 diximus
442 1019 514 1082 103.
544 1018 662 1096 Quum
693 1021 784 1085 enirn
811 1019 853 1083 de
883 1019 1150 1082 immortalitate

234 1125 422 1188 animorum
449 1124 694 1208 disputavisset,
717 1130 751 1188 et
773 1125 845 1209 jam
870 1122 1036 1186 moriendi
1058 1129 1149 1186 tem·

234 1249 299 1314 pus
319 1233 456 1313 urgeret,
477 1234 613 1313 rogatus
637 1249 657 1292 a
683 1229 825 1307 Critone,
847 1226 1148 1310 quemadmodum

235 1330 360 1416 sepeliri
378 1330 484 1411 vellet,
496 1331 635 1397 Multum
651 1353 734 1412 vero,
749 1331 868 1415 inquit,
879 1351 1019 1412 operam,
1032 1331 1147 1408 amici,

224 1438 355 1519 fnestra
369 1437 556 1516 consumpsi.
607 1433 731 1501 Critoni
752 1437 836 1500 enim
857 1443 964 1500 nostro
978 1455 1046 1498 non
1066 1455 1146 1515 per·

233 1540 403 1619 sumine
426 1539 500 1602 trine
523 1541 722 1604 avolaturum
747 1559 848 1620 neque
874 1539 937 1602 mei
962 1539 1144 1618 quidquam

232 1645 425 1710 relicturum.
488 1641 714 1724 Verumtamen,
745 1642 842 1721 Orno,
872 1643 901 1707 si
930 1662 979 1706 me
1007 1644 1144 1724 assequi

228 1750 374 1831 potueris
396 1754 451 1813 cut
476 1748 578 1812 sicubi
599 1756 712 1813 nuctm
735 1749 808 1827 eris,
827 1755 863 1814 ut
887 1747 945 1813 tibi
966 1746 1142 1828 uidebitur,

233 1855 374 1935 sepelite.
433 1851 507 1931 Sed,
535 1852 614 1916 miii
644 1851 747 1932 erede,
772 1873 864 1917 nemo
900 1871 948 1916 me
986 1860 1140 1932 vestrum,

233 1979 327 2038 quum
343 1957 416 2022 trine
430 1976 604 2035 excessero,
619 1965 835 2037 consequetur.

280 2061 447 2125 Praeclare
461 2060 497 2123 id
511 2060 658 2144 quidem,
673 2061 732 2143 qui
754 2066 788 2124 et
810 2061 919 2125 amico
940 2061 1138 2146 permiserit,

233 2170 318 2228 etse
333 2165 511 2228 ostenderit
525 2165 566 2228 de
581 2165 644 2228 hoc
659 2171 730 2230 toto
746 2186 864 2251 genere
879 2165 961 2229 nihil
975 2165 1136 2230 laborare.

234 2269 307 2334 104.
330 2268 449 2332 Durior
464 2268 641 2354 Diogenes,
657 2275 690 2334 et
712 2271 740 2333 is
762 2270 897 2354 quidem
921 2270 1011 2334 idern
1034 2271 1135 2334 senti·

233 2395 302 2454 ens,
326 2374 393 2453 sed,
416 2380 455 2437 ut
476 2374 631 2460 Cynicus,
654 2376 809 2460 asperius,
834 2377 949 2462 projici
973 2397 1008 2439 se
1032 2376 1134 2460 jussit

232 2479 455 2543 inhumatum.
502 2478 590 2543 Tum
607 2480 716 2558 amici,
737 2478 958 2544 Vulneribusne
974 2488 1004 2545 et
1016 2480 1132 2562 seris?

232 2619 278 2634 -
287 2584 423 2648 Minime
438 2603 524 2662 nero,
539 2584 665 2665 inquit3
688 2584 746 2648 sed
765 2584 912 2650 bacillum
922 2592 1056 2665 propter
1071 2605 1129 2663 me,

232 2710 293 2769 (μω
308 2689 447 2772 abigam,
460 2690 666 2768 punitate-
682 2687 746 2768 Qui
760 2689 796 2752 id
808 2689 958 2769 poteris?
979 2687 1045 2767 illi3
1067 2708 1129 2753 non

232 2795 316 2856 enim
339 2794 518 2857 senties-
534 2791 621 2872 Quid
644 2793 747 2875 tgnn
766 2793 844 2858 miii
855 2796 1005 2875 serarum
1029 2793 1127 2856 unm

231 2905 282 2962 tus
306 2898 406 2962 oberit
433 2899 516 2962 nitu
537 2897 710 2962 sentienti?
755 2897 922 2961 Praeclare
951 2898 1126 2983 Anaxago·

230 3022 293 3080 ras,
319 3003 387 3085 qui,
411 3025 516 3085 quum
549 3001 730 3087 Lampsaci
755 3007 942 3081 moreretur,
970 3023 1125 3085 quaeren-

229 3107 319 3170 tibus
335 3107 461 3186 amicis,
475 3106 615 3171 velletne
639 3106 856 3171 Clazomenas
873 3109 908 3170 in
932 3107 1084 3191 patriam,
1099 3108 1125 3171 si

230 3209 311 3293 quid
329 3212 512 3292 accidisset,
528 3210 654 3289 auferri,
671 3210 763 3274 Nihil
781 3231 907 3276 necesse
926 3219 982 3289 est,
997 3211 1123 3293 inquit3

229 3315 366 3395 undique
382 3316 464 3380 enim
479 3316 524 3380 nd
537 3319 658 3400 inferos
673 3315 856 3380 tantundem
870 3316 941 3380 uine
960 3323 1015 3380 est.
1062 3315 1122 3380 To·

229 3426 330 3503 taque
354 3420 394 3484 de
422 3422 549 3484 ratione
579 3421 784 3484 humationis
810 3441 916 3484 unum
943 3420 1121 3486 tenendum

228 3524 396 3604 est-ad
422 3545 540 3608 corpus
563 3525 656 3587 illam
686 3525 855 3610 pertinere,
878 3526 947 3588 sive
971 3525 1121 3590 occiderit
