2475 4092
339 347 439 391 nmen
462 348 482 390 1.
527 347 597 390 cnr.
619 347 701 390 xxa
723 347 818 390 xxvi.
976 322 1021 389 33

121 500 237 565 navit?
261 507 322 564 aut
336 501 394 584 qui
409 501 587 564 errantium
604 499 772 562 stellarum
791 520 914 577 cursus,
929 519 1020 584 prae·

122 607 315 691 gressiones,
330 606 515 669 institiones
538 603 689 668 notavit?
737 603 864 666 Omnes
886 604 1022 688 magni;

122 713 224 773 etiam
252 712 443 795 superiores,
468 710 526 792 qui
549 707 669 793 frugeS,
693 709 751 791 qui
773 709 941 787 vestitum,
962 708 1021 791 qni

121 820 219 894 tecta,
231 815 288 898 qui
304 814 431 878 cultum
443 815 540 893 vitae,
554 814 612 895 qui
628 813 792 896 praesidia
807 819 922 876 contra
936 811 1020 876 seras

121 918 336 981 invenerunt:
361 939 382 982 a
408 919 529 1000 quibus
551 913 773 980 mansuefacti
797 922 831 981 et
854 917 976 980 exculti
999 937 1020 980 a

122 1024 313 1086 necessariis
338 1021 482 1086 artificiis
507 1021 549 1085 ad
580 1021 782 1106 elegantiora
812 1021 1020 1086 defluximus.

123 1127 213 1191 Nam
229 1133 263 1189 et
277 1127 411 1190 auribus
434 1126 610 1190 oblectatio
633 1146 758 1211 magna
780 1133 875 1211 parta
897 1133 956 1207 est,
972 1129 1020 1191 in·

121 1238 221 1294 venta
237 1237 270 1294 et
284 1236 470 1315 temperata
484 1232 643 1294 varietate
658 1236 693 1294 et
708 1237 828 1295 natura
845 1252 1023 1311 sonorum

121 1342 156 1400 et
171 1341 260 1399 astra
284 1336 504 1421 suspeximus,
519 1356 624 1418 quum
644 1355 693 1414 ea,
708 1356 795 1418 quae
816 1342 894 1400 sunt
917 1335 1021 1401 infixa

121 1441 216 1504 certis
232 1439 323 1518 locis,
338 1445 410 1502 tum
434 1439 492 1502 illa
508 1460 573 1502 non
590 1460 632 1517 re,
650 1439 709 1502 sed
731 1440 893 1506 vocabulo
915 1463 1020 1505 erran·

120 1545 177 1607 tia.
226 1543 379 1622 Quorum
396 1544 625 1606 conversiones
641 1564 824 1626 omnesque
839 1552 951 1608 motus
962 1548 1022 1629 qui

123 1647 281 1734 [animus]
299 1646 391 1725 vidit,
406 1647 435 1709 is
451 1647 573 1726 docuit,
590 1649 733 1710 similem
749 1648 901 1712 animum
920 1672 1021 1715 suum

121 1753 193 1837 ejus
216 1773 296 1830 esse,
318 1752 376 1834 qui
397 1771 437 1814 ea
461 1750 639 1815 fabricatus
661 1757 748 1814 esset
765 1753 800 1815 in
824 1753 925 1817 caelu.
969 1755 1020 1818 63.

123 1857 213 1919 Nam
243 1877 349 1938 quum
377 1855 589 1918 Archimedes
616 1856 726 1934 lunae,
756 1857 845 1936 solis,
874 1860 1020 1942 quinque

122 1960 300 2023 errantium
331 1963 443 2021 motus
472 1959 507 2021 in
535 1959 712 2042 sphaeram
739 1960 887 2045 illigavit,
913 1961 1021 2027 effecit

121 2064 221 2142 idem,
237 2063 327 2145 quod
343 2061 407 2140 ille,
422 2062 480 2144 qui
503 2062 537 2125 in
556 2062 698 2126 Timaeo
720 2064 884 2128 mundum
909 2065 1020 2130 aedifi-

121 2169 210 2233 cavit
226 2167 374 2231 Platonis
390 2166 483 2245 deus,
499 2171 538 2230 ut
556 2167 712 2230 tarditate
728 2173 762 2231 et
776 2168 941 2233 celeritate
955 2171 1020 2235 dis·

121 2272 306 2337 simillimos
322 2276 434 2334 motus
457 2292 525 2333 una
544 2276 669 2356 regeret
690 2273 868 2336 conversio.
916 2273 1023 2352 Quod

121 2378 149 2442 si
164 2379 198 2440 in
214 2377 276 2441 hoc
289 2375 425 2439 mundo
441 2373 511 2438 fieri
533 2376 605 2438 sine
620 2375 684 2438 deo
706 2398 775 2440 non
792 2383 911 2462 potest,
926 2401 968 2443 ne
983 2381 1017 2444 in

120 2482 258 2567 sphaera
273 2480 410 2563 quidem
426 2479 561 2542 eosdem
584 2485 697 2543 motus
718 2480 930 2547 Archimedes
946 2485 1018 2548 sine

119 2586 232 2649 divino
247 2584 382 2669 ingenio
399 2583 562 2667 potuisset
577 2583 708 2647 imitari.

166 2689 293 2752 XXVI.
337 2687 388 2750 64.
414 2687 499 2750 Mihi
528 2708 605 2750 vero
630 2709 672 2750 ne
695 2688 778 2751 haec
801 2689 937 2771 quidem
960 2712 1018 2755 no·

120 2795 204 2858 tiora
219 2800 252 2856 et
269 2793 445 2856 illustriora
469 2813 576 2855 carere
600 2793 634 2854 vi
657 2792 772 2856 divina
795 2793 954 2875 videntur,
979 2803 1018 2862 ut

120 2919 183 2984 ego
199 2903 257 2961 aut
282 2900 415 2981 poetam
440 2917 538 2981 grave
562 2896 765 2980 plenumque
789 2918 920 2963 carmen
945 2903 1017 2966 sine

120 3002 254 3068 caelesti
272 3002 384 3084 aliquo
408 3001 530 3064 mentis
546 3000 710 3064 instinctu
733 3007 848 3086 putem
871 3001 1017 3085 fundere,

120 3113 180 3172 aut
195 3106 419 3189 eloquentiam
443 3106 513 3169 sine
538 3105 663 3188 majore
687 3107 834 3188 quadam
848 3109 883 3171 vi
906 3109 1016 3190 fluere,

119 3210 347 3277 abundantem
367 3210 560 3273 sonantibus
580 3210 686 3272 verbis
704 3211 921 3296 uberibusque
944 3236 1016 3278 sen-

117 3316 239 3383 tentiis.
279 3313 491 3398 Philosophia
504 3334 590 3392 vero,
602 3314 756 3378 omnium
770 3323 874 3380 mater
885 3319 1016 3400 artium,

118 3421 199 3506 quid
229 3425 280 3484 est
309 3417 409 3497 aliud,
434 3419 506 3496 nisi,
524 3423 563 3480 ut
588 3417 696 3498 Plato,
719 3416 854 3500 donum,
877 3429 917 3486 ut
942 3444 1015 3508 ego,

118 3528 292 3592 inventum
311 3520 472 3588 deorum?
518 3521 613 3586 Haec
630 3544 692 3589 nos
715 3524 858 3610 primum
877 3524 921 3589 ad
946 3527 1015 3591 illo·

423 3625 444 3691 3
