2475 4092
326 363 426 406 nnraa
449 362 469 403 1.
514 363 582 404 ore.
606 363 704 405 xxnr.
726 362 820 404 xxrv.
976 339 1019 403 29

127 515 178 596 sit,
200 516 291 599 quod
313 517 424 601 ipsum
449 539 469 580 a
494 539 527 579 se
551 522 710 579 movetur.
768 516 806 579 Id
825 521 939 579 autem
960 535 1022 578 nec

127 621 219 684 nasci
236 626 353 705 potest,
368 641 429 683 nec
452 621 556 683 mori:
580 620 632 682 vel
658 618 811 683 concidat
836 641 933 682 omne
949 640 1020 682 caa-

124 724 205 804 lum,
221 727 394 808 omnisque
417 731 536 788 natura
559 726 718 788 consistat
738 746 870 788 necesse
885 730 944 803 est,
959 745 1021 787 nec

124 831 193 891 vim
215 829 319 892 ullarn
342 831 559 909 nanciscatur,
575 851 643 912 qua
664 830 770 914 primo
792 829 936 913 impulsa
951 845 1021 891 rno-

124 939 248 997 veatur.
297 933 413 1012 Quum
434 940 549 1019 pateat
568 935 677 1018 igitur,
698 939 868 997 aeternum
885 933 920 995 id
938 955 1019 1013 esse,

125 1038 215 1120 quod
231 1060 265 1101 se
280 1039 391 1121 ipsum
414 1044 566 1118 moveat3
589 1039 663 1120 quis
679 1044 737 1117 est,
752 1039 811 1121 qui
825 1038 910 1101 hanc
925 1045 1020 1101 natu·

125 1164 195 1205 rarn
220 1144 340 1206 animis
367 1165 438 1206 esse
468 1144 626 1206 tributam
651 1142 773 1227 neget?
828 1142 1019 1206 Inanimum

125 1251 176 1309 est
205 1247 294 1310 enim
324 1268 432 1326 omne,
461 1247 552 1330 quod
582 1246 682 1331 pulsu
704 1247 848 1331 agitatur
877 1253 1020 1309 externo.

129 1349 232 1428 Quod
250 1357 363 1415 autem
379 1358 428 1414 est
444 1351 578 1430 animal,
593 1351 628 1413 id
643 1357 739 1414 motu
753 1351 856 1413 cietur
870 1351 1021 1414 interiore

125 1461 159 1518 et
188 1477 258 1519 suo.
319 1457 408 1519 Nam
432 1458 513 1520 haec
540 1462 590 1518 est
619 1456 748 1540 propria
768 1461 887 1519 natura
916 1456 1021 1519 animi

126 1565 226 1643 atque
249 1561 308 1623 vis.
356 1559 454 1638 Quae
480 1561 508 1622 si
531 1566 582 1622 est
603 1581 673 1622 una
694 1581 733 1621 ex
755 1563 919 1639 omnibus,
934 1582 1021 1644 quae

127 1687 161 1728 se
176 1667 249 1751 ipsa
272 1687 399 1750 semper
414 1671 567 1746 moveat;
589 1687 698 1747 neque
714 1670 794 1727 nata
813 1671 898 1728 certe
913 1671 972 1745 est,
987 1671 1021 1729 et

127 1775 258 1833 aeterna
274 1771 350 1832 est.’'

170 1874 221 1936 55.
245 1874 340 1937 Licet
354 1880 548 1937 concurrant
561 1895 676 1937 omnes
691 1873 809 1958 plebeii
826 1874 1020 1960 philosophi,

130 1978 191 2063 (sic
217 1979 306 2040 enim
320 1979 354 2056 ii,
371 1979 428 2059 qui
444 2000 463 2040 a
481 1978 619 2041 Platone
645 1984 678 2040 et
707 1978 841 2041 Socrate
864 1984 898 2041 et
923 1983 965 2042 ab
981 2002 1022 2044 ea

127 2080 253 2145 familia
265 2081 433 2160 dissident,
447 2081 637 2166 appellandi
647 2081 826 2167 videntur3)
839 2104 905 2146 non
921 2085 1022 2147 modo

125 2186 207 2251 nihil
228 2207 376 2268 unquam
399 2192 468 2249 tam
485 2187 650 2271 eleganter
672 2187 890 2270 explicabunt,
906 2189 964 2251 sed
979 2210 1021 2251 ne

126 2292 189 2355 hoc
214 2292 349 2374 quidem
376 2291 487 2376 ipsum
511 2312 613 2374 quarn
645 2291 804 2355 subtiliter
828 2293 1021 2357 conclusum

126 2397 177 2476 sit,
193 2396 386 2480 intelligent.
433 2396 543 2459 Sentit
557 2397 658 2480 igitur
681 2397 812 2460 animus
829 2400 1020 2461 semoveri:

126 2500 215 2583 quod
242 2522 345 2583 quum
372 2502 481 2579 sentit,
504 2500 587 2563 illud
613 2522 681 2563 una
708 2502 816 2580 sentit,
838 2523 873 2564 se
899 2503 931 2564 vi
950 2524 1021 2581 sua,

127 2627 194 2669 non
221 2605 328 2668 aliena
353 2606 486 2683 moveri,
511 2626 572 2668 nec
593 2605 739 2668 accidere
763 2627 868 2688 posse,
892 2613 931 2670 ut
950 2609 1021 2691 ipse

126 2730 276 2791 unquam
292 2732 312 2771 a
328 2731 362 2772 se
385 2709 559 2772 deseratur.
604 2709 657 2771 Ex
679 2730 745 2792 quo
762 2708 900 2773 efficitur
922 2718 1022 2774 aeter·

128 2813 364 2892 nitas3-nisi
394 2813 474 2896 quid
506 2814 607 2876 habes
641 2813 685 2876 ad
722 2814 811 2877 haee.
875 2814 915 2877 A.
946 2816 1021 2902 Ego

127 2937 203 2978 vero
225 2915 319 2979 facile
344 2939 418 2980 sum
443 2939 571 3002 passus,
595 2939 636 2980 ne
658 2918 694 2980 in
716 2923 863 2981 mentem
886 2920 1021 3002 quidem

128 3021 210 3083 mihi
226 3019 350 3102 aliquid
366 3029 480 3085 contra
494 3023 603 3085 venire
616 3043 624 3102 ;
646 3023 694 3085 ita
709 3022 765 3085 isti
779 3022 875 3087 faveo
893 3031 1021 3089 senten·

127 3125 204 3188 tiae.

172 3229 300 3293 XXIV.
344 3229 394 3293 56.
418 3231 465 3294 M.
499 3231 614 3310 Quid?
645 3232 701 3295 illa
723 3232 859 3297 tandem
880 3257 961 3300 nurn
979 3235 1023 3299 le·

126 3335 218 3398 viora
245 3355 367 3413 censae,
393 3356 479 3417 quaa
506 3336 674 3400 declarant
702 3336 810 3402 inesse
835 3340 871 3403 in
901 3341 1022 3403 animis

128 3440 303 3502 hominum
329 3438 443 3503 divina
468 3441 659 3523 quaedam?
691 3464 778 3526 quae
804 3444 833 3507 si
858 3465 1022 3507 cernerem

128 3544 413 3627 quemadmodum
439 3546 532 3610 nasci
557 3554 702 3632 possent,
729 3550 841 3630 etiam,
864 3548 1022 3632 quemad-
