2475 4092
391 389 491 432 nmen
512 389 534 431 1.
579 390 649 432 car.
669 389 736 433 xm.
973 369 1017 434 53

120 542 363 621 Quamobrem,
379 543 448 606 sive
472 564 589 606 seusus
615 543 845 628 exstinguitur,
862 564 1015 626 morsque

115 648 150 711 ei
179 668 298 711 somno
326 646 443 710 similis
469 653 528 726 est,
553 648 612 731 qui
642 668 882 731 nonnunquam
912 649 1016 712 etiarn

115 752 189 815 sine
204 752 283 815 visis
299 752 503 815 somniorum
526 752 788 837 placatissimam
807 754 955 836 quietem
970 751 1016 816 af·

114 854 195 919 fert:
218 857 264 920 dii
279 851 376 919 boni!
400 856 480 938 quid
504 855 585 920 lucri
612 863 663 921 est
686 855 807 920 emori!
831 863 891 921 aut
913 879 1016 941 quam

114 960 213 1024 multi
229 960 300 1024 dies
314 961 446 1045 reperiri
463 967 612 1046 possunt,
628 961 759 1044 quitali
775 963 864 1026 nocti
880 968 1016 1046 antepo-

113 1064 261 1128 nantur?
309 1063 375 1127 Oui
400 1065 428 1127 si
457 1065 575 1128 similis
600 1063 711 1128 futura
738 1072 789 1130 est
814 1068 1015 1152 perpetuitas

114 1169 226 1232 omnis
247 1170 480 1251 consequentis
501 1171 668 1255 temporis,
693 1171 767 1252 quis
789 1191 844 1233 me
864 1170 1015 1236 beatior?

114 1270 168 1336 98.
194 1272 253 1336 Sin
277 1294 354 1337 vera
378 1279 465 1352 sunt,
487 1296 573 1357 quae
594 1274 757 1354 dicuutur,
781 1275 1014 1360 mignationem

114 1397 187 1440 esse
204 1383 344 1441 mortem
360 1379 395 1442 iu
418 1399 475 1441 eas
498 1400 582 1458 orae,
596 1401 690 1462 quas,
705 1379 764 1462 qui
779 1399 797 1441 e
812 1380 883 1443 vita
905 1401 1013 1444 exces-

113 1487 236 1561 serunt,
251 1482 419 1546 incolunt:
442 1483 476 1546 id
492 1483 598 1547 multo
610 1484 683 1569 jam
698 1485 828 1548 beatius
845 1489 903 1548 est
950 1484 1012 1548 Te·

112 1607 166 1665 ne,
181 1608 288 1669 quum
303 1588 346 1649 ab
369 1587 418 1666 lis,
434 1588 492 1669 qui
512 1609 547 1650 se
567 1587 719 1673 judicum
745 1610 882 1652 numero
901 1589 1014 1653 haberi

112 1690 239 1770 volunt,
254 1692 405 1771 evaseris,
421 1692 465 1756 ad
489 1713 545 1756 eos
569 1693 689 1772 venire,
704 1694 762 1776 qui
788 1715 861 1756 vere
884 1694 1013 1779 judiees

113 1794 329 1880 appellentur,
347 1795 507 1876 Minoem,
527 1797 834 1878 Rhadamanthum,
852 1798 1013 1879 Aeacum,

116 1898 368 1984 Triptolemum,
402 1902 641 1985 convenireque
671 1923 738 1981 eos,
768 1902 827 1985 qui
859 1902 949 1988 juste
979 1909 1013 1968 et

112 2025 191 2068 cum
205 2002 271 2068 fide
285 2003 443 2069 vixerint!
489 2005 584 2069 Haec
604 2007 822 2092 peregrinatio
838 2007 1011 2074 mediocris

112 2110 207 2172 vobis
222 2109 325 2173 videri
346 2109 478 2194 potest?
525 2110 572 2174 Ut
593 2132 669 2174 vero
692 2109 835 2194 colloqui
857 2133 934 2176 eum
953 2112 1012 2176 Or·

112 2213 209 2298 pheo,
238 2213 388 2293 Musaeo,
410 2214 566 2294 Homer0,
592 2215 741 2279 Hesiodo
761 2215 870 2297 liceat,
892 2218 1011 2300 quanti

111 2317 249 2382 tandem
272 2318 482 2383 aestimatis?
536 2319 703 2403 Equidem
727 2342 826 2406 saepe
848 2323 959 2402 emori,
982 2323 1011 2386 si

111 2421 181 2486 fieri
197 2429 317 2506 posset,
333 2422 460 2502 vellem,
475 2429 515 2487 ut
529 2445 578 2503 ea,
593 2446 681 2508 quae
703 2425 787 2504 dico,
803 2426 884 2490 mihi
899 2426 1010 2491 liceret

110 2526 266 2590 invenire.
315 2526 454 2604 Quanta
477 2528 696 2594 delectatione
721 2536 834 2593 autem
857 2529 1008 2611 afficerer,

111 2652 218 2714 quum
243 2630 467 2711 Palamedem,
489 2654 594 2716 quum
618 2635 766 2718 Ajacem,
791 2656 896 2717 quum
917 2634 1009 2708 alios,

107 2735 234 2820 judicio
251 2736 367 2819 iniquo
386 2737 636 2817 circumventos,
652 2737 876 2802 convenirem!
923 2738 1009 2803 Ten-

109 2845 216 2904 tarem
241 2842 342 2905 etiam
364 2842 487 2904 summi
509 2843 605 2927 regis,
626 2845 684 2926 qui
709 2844 873 2908 maximas
896 2845 1009 2929 copias

110 2946 207 3009 duxit
233 2946 275 3009 ad
304 2946 450 3031 Trojaru,
474 2953 507 3009 et
531 2947 620 3011 Ulixi
646 2948 846 3034 Sisyphique
869 2950 1009 3035 pruden-

110 3051 204 3128 tiam,
220 3071 281 3113 nec
305 3052 346 3113 ob
372 3072 448 3114 earu
471 3073 550 3131 rem,
566 3074 671 3135 quum
694 3054 774 3116 haec
797 3055 1008 3138 exquirerem,

110 3155 198 3219 sicut
221 3155 274 3219 hie
300 3153 473 3234 faciebam,
496 3157 604 3241 capite
635 3157 815 3221 damnarer.
873 3159 923 3224 Ne
947 3182 1008 3226 vos

111 3258 256 3341 quidem,
278 3259 416 3343 judices,
441 3260 475 3339 ii,
497 3262 556 3342 qui
574 3282 629 3324 me
651 3261 847 3343 absolvistis,
868 3271 1007 3328 mortem

109 3363 295 3428 timueritis.
340 3363 391 3426 99.
416 3364 488 3428 Nec
513 3366 602 3428 enim
629 3366 787 3448 cuiquam
811 3369 900 3432 bono
926 3369 1007 3433 mali

110 3468 293 3550 quidquam
309 3469 438 3530 evenire
460 3473 579 3552 potest,
595 3490 657 3532 uec
671 3471 756 3550 vivo,
773 3493 833 3536 nee
856 3479 1006 3537 mortuo:

110 3593 172 3636 uec
194 3594 344 3657 uuquam
364 3575 436 3659 ejus
454 3595 504 3638 res
519 3596 540 3638 u
555 3575 619 3639 diis
641 3576 883 3641 immortalibus
907 3578 1006 3664 negli-
