2475 4092
236 301 280 367 50
407 325 669 369 ruscumnnaurr
691 327 963 372 merumrrouurr

236 476 422 558 confecerit,
444 479 588 562 reliquos
611 479 764 546 dormiat
821 481 873 545 Ne
897 503 974 546 aues
998 483 1146 566 quidem

234 582 271 646 id
294 583 404 663 velint,
429 604 497 647 non
522 584 624 648 modo
648 586 728 671 ipae.
774 585 969 672 Endymion
993 610 1082 669 vero,
1109 590 1144 655 si

234 686 366 752 sabuiae
390 688 504 752 audire
530 688 695 769 volumus,
722 695 769 769 ut,
794 692 907 756 neseio
931 692 1079 774 quando,
1101 695 1143 760 in

237 791 359 857 Latmo
371 793 579 873 obdormivit,
590 795 649 876 qui
661 801 712 858 eet
722 816 819 859 mone
835 795 962 874 Cariae,
975 797 1141 879 nondum,

234 898 360 982 opinor,
374 903 426 960 est
439 903 655 983 experrectus·
701 899 794 962 Num
809 899 911 984 igitur
924 921 1003 963 eum
1022 923 1140 966 curare

233 1022 358 1081 censes,
380 1022 486 1083 quum
512 1001 612 1066 Luna
635 1001 783 1066 laboret?
806 1023 828 1066 a
848 1025 917 1086 qua
940 1007 1138 1090 consopitus

234 1112 380 1192 putatur,
394 1111 434 1169 ut
447 1127 526 1170 eum
548 1107 767 1170 dormientem
782 1107 992 1172 oscularetur.
1042 1109 1139 1188 Quid

129 1234 133 1241 ·
235 1217 327 1275 curet
357 1217 479 1290 autern,
509 1212 568 1294 qui
597 1231 640 1274 ne
669 1212 771 1275 sentit
803 1211 965 1294 quidem?
1019 1213 1138 1280 Habea

234 1337 391 1379 cornuum
411 1317 593 1400 imaginem
616 1317 740 1395 mortis,
755 1337 897 1399 eamque
916 1318 1066 1399 quotidie
1084 1319 1136 1384 in·

233 1420 319 1484 duis.
363 1420 411 1484 Et
431 1419 574 1499 dubitas,
590 1421 672 1503 quin
695 1441 811 1484 sensus
833 1421 869 1484 in
892 1428 997 1484 morte
1021 1421 1137 1488 nullus

234 1528 287 1605 rit,
301 1547 407 1609 quum
428 1525 464 1588 in
487 1525 558 1610 ejus
580 1524 757 1589 simulacro
772 1524 886 1590 videas
909 1547 981 1590 esse
1004 1527 1137 1594 nullum

235 1629 394 1696 sensum?

279 1735 440 1802 XXXIX.
493 1733 544 1798 93.
577 1733 746 1816 Pellantur
769 1756 847 1820 ergo
872 1736 957 1800 istae
987 1737 1137 1821 ineptiae

234 1863 340 1928 paene
364 1840 479 1919 aniles,
504 1845 582 1903 ente
599 1845 733 1924 tempus
759 1842 843 1904 mori
869 1843 1027 1905 miserum
1052 1863 1136 1906 ease.

237 1947 341 2026 Quod
368 1946 506 2010 tandem
534 1943 691 2029 tempus?
746 1945 961 2009 Naturaene?
1017 1947 1063 2010 Ar
1092 1967 1137 2013 ea

233 2052 370 2136 quidem
385 2050 478 2114 dedit
498 2070 636 2112 usuram
651 2049 748 2127 vitae,
764 2055 939 2133 tamquam
961 2051 1137 2135 pecuniae,

234 2155 326 2218 nulla
353 2154 549 2239 praestituta
578 2152 641 2215 die.
704 2152 797 2230 Quid
827 2159 878 2217 est
906 2155 1015 2239 igitur,
1041 2155 1137 2236 quod

233 2281 378 2343 querare,
393 2259 422 2322 ei
446 2259 573 2342 repetit,
594 2278 701 2340 quum
723 2258 817 2322 vult?
839 2279 881 2322 ea
904 2260 995 2322 enim
1021 2259 1136 2324 condi·

231 2366 325 2430 tione
349 2383 528 2447 acceperas.
575 2362 689 2440 Iidem,
705 2362 733 2425 si
759 2383 840 2447 puer
860 2383 980 2446 parvus
1003 2363 1136 2444 occidit,

234 2491 342 2554 aequo
357 2470 470 2532 animo
486 2465 657 2530 ferendum
673 2471 811 2551 putant;
834 2467 955 2533 sivero
973 2469 1009 2530 in
1027 2468 1135 2549 cunis,

234 2597 276 2641 ne
292 2573 496 2659 querendum
511 2571 656 2655 quidem.
703 2572 807 2654 Atqui
830 2573 872 2634 ab
897 2573 960 2635 hoc
983 2572 1135 2662 acerbius

234 2682 344 2766 exegit
358 2685 486 2757 nature,
501 2677 592 2760 quod
606 2674 748 2739 dederat
795 2675 955 2740 Nondum
978 2682 1133 2760 gustave-

232 2791 294 2863 rat,
322 2784 440 2866 inquit,
468 2782 558 2844 vitae
584 2780 803 2858 suavitatem,
833 2778 887 2841 hic
918 2784 1032 2842 autem
1058 2779 1132 2863 jam

234 2890 388 2973 sperabat
412 2907 546 2970 magna,
572 2884 693 2965 quibus
723 2880 786 2945 imi
809 2889 969 2966 coeperat.
1026 2883 1072 2946 At
1094 2883 1133 2949 id

233 2991 369 3074 quidem
386 2992 498 3074 ipsum
521 2989 557 3051 in
580 2987 696 3051 ceteris
719 2988 816 3049 rebus
840 2985 959 3050 melius
986 2991 1132 3070 putatur,

233 3095 381 3177 aliquem
396 3099 533 3178 partem,
548 3113 650 3175 quam
670 3089 806 3170 nullam,
822 3091 1000 3175 attingere3
1023 3091 1130 3156 curin

232 3200 303 3263 vita
318 3219 412 3261 secus
424 3197 448 3261 t
485 3196 705 3279 Quamquam
721 3215 788 3258 non
804 3194 892 3258 male
908 3196 957 3258 ait
974 3194 1130 3260 Callima·

231 3304 323 3382 chus,
347 3303 445 3367 multo
474 3303 601 3382 saepius
624 3299 806 3364 lacrimasse
833 3298 1007 3376 Priamum,
1034 3319 1130 3378 quum

237 3408 387 3473 [licitum.
432 3405 559 3469 Eorum
580 3410 706 3482 autem,
720 3402 779 3485 qui
794 3407 911 3466 exacta
934 3407 1043 3468 aetate
1059 3423 1130 3470 mo·

227 3514 366 3590 riuntur,
380 3507 512 3574 fortuna
525 3509 690 3574 laudatur.
727 3507 779 3572 94.
804 3506 895 3572 Cur?
934 3507 1033 3587 Nam,
1047 3527 1130 3588 reor,
