2475 4092
290 355 380 399 anon
405 356 511 399 aunan.
555 356 651 397 cain.
673 355 792 397 xxx1x.
815 355 869 397 xn.
968 332 1031 398 167

170 514 213 563 94.
235 510 311 565 curt
346 511 434 576 Nem,
457 518 508 563 etc.
546 507 606 561 The
626 524 704 561 senae
723 507 764 560 io:
791 507 847 562 Cur
867 525 968 573 eorum,
988 506 1033 576 qui

126 608 229 651 exacta
240 608 323 651 aetate
335 598 490 662 moriuntur,
504 595 635 649 fortunam
646 595 792 661 laudemus,
803 581 875 648 nulla
886 605 927 648 eat
936 597 1032 658 cauea;

126 701 195 738 nam
214 685 278 737 nulli
296 686 375 739 aetati
393 685 446 737 vita
460 684 599 753 jucundior
616 691 703 753 potent
719 699 880 751 eoae,qua1n
897 680 1034 747 senectuti,

130 778 181 827 etc.
217 771 338 827 Kiihner.
372 773 450 828 Nam
462 772 566 841 implies
577 789 610 825 an
624 771 732 840 ellipsis.

175 860 209 915 Ut
222 866 305 913 cetera
316 862 429 931 aufferat.
469 860 503 915 Ut
514 886 549 907 =
562 876 624 913 even
638 858 679 929 ζὴ·
697 859 811 912 however
821 856 843 912 it
855 875 923 930 may.

170 947 488 1002 Modo....aaeeentueat.
518 946 578 1000 The
586 964 662 999 verae
672 946 695 998 is
704 946 819 999 trochaic
827 954 1037 999 tetrametercet·

133 1036 277 1089 alectic-
286 1036 367 1090 Modo
377 1064 412 1083 κ
414 1036 474 1107 jael
486 1052 544 1089 now
551 1056 561 1097 ;
578 1052 596 1089 a
607 1034 672 1088 little
684 1034 760 1089 nobile
772 1052 833 1105 ago.
842 1034 1036 1089 -Atoteecen

133 1128 181 1178 tea.
212 1129 230 1154 “
241 1123 427 1177 Adolescentia
439 1123 618 1193 complectitur
626 1123 652 1175 h.
661 1123 680 1175 l.
692 1122 791 1175 virilem
800 1139 902 1190 quoque
914 1132 1035 1189 aetatem,

135 1229 203 1280 quae
217 1211 247 1265 de
262 1212 323 1266 Sea.
339 1229 386 1264 xx.
400 1217 523 1265 constane
541 1220 568 1263 et
584 1210 671 1265 media
689 1210 792 1263 dicitur.
830 1208 877 1262 Sic
888 1209 919 1263 de
931 1209 991 1263 sen.
1007 1209 1035 1263 ii.

135 1302 168 1352 t:
191 1299 279 1353 Oitiua
291 1298 477 1353 adolescentiae
489 1302 616 1363 senectia,
625 1315 705 1366 wem
712 1295 846 1369 poet-ittae
864 1294 1038 1351 adoleeeentt'a

135 1385 242 1457 obrepit.
279 1385 387 1440 Scilicet
405 1386 518 1439 Romani
534 1386 685 1439 dicebantur
698 1383 779 1457 pueri
793 1402 876 1453 neque
889 1386 922 1439 ad
933 1394 1038 1439 sextum

135 1474 266 1529 decimum
284 1474 325 1527 vel
343 1474 483 1543 septimum
501 1474 629 1527 decimum
649 1491 755 1539 annum,
768 1490 829 1540 quo,
842 1473 959 1542 deposita
978 1482 1039 1542 toga

134 1572 282 1632 praetexta,
301 1562 442 1615 induebant
461 1572 551 1631 togam
569 1562 688 1623 virilem3
714 1561 885 1615 adolescentes
905 1578 988 1629 usque
1005 1561 1038 1615 ad

134 1666 233 1703 annum
245 1650 472 1719 quadragesimum
483 1669 489 1715 ;
510 1648 564 1704 oiri
576 1667 658 1717 usque
671 1651 703 1702 ad
715 1667 812 1703 anuum
824 1650 1036 1719 sexagesimum

134 1745 193 1792 tum
205 1738 309 1791 eenee.’'
345 1736 469 1791 Kiihner.

171 1824 323 1896 Decrepita.
362 1830 380 1857 ‘⁴
391 1825 451 1878 The
471 1825 543 1878 word
560 1824 708 1896 decrepitae
727 1825 753 1878 in
774 1825 828 1878 thie
847 1841 961 1894 passage
979 1824 1003 1880 is
1023 1840 1039 1878 a

133 1914 205 1982 ἅπαξ
218 1916 357 1986 λεγόμενον
367 1915 393 1967 in
407 1912 528 1968 Cicero.”
565 1913 663 1967 Moser.

172 2001 205 2056 ln
217 2002 305 2055 eadem
313 2038 336 2054 ..
346 2039 353 2055 .
364 2040 370 2055 .
381 2000 511 2055 brevitate.
547 2004 566 2031 ‘¹
577 2001 623 2054 An
640 2001 746 2069 elegant
763 2017 811 2053 uae
822 2000 854 2052 os
866 2000 911 2051 the
928 1998 1038 2052 ablativo

137 2087 253 2154 within,
265 2089 366 2143 instead
379 2090 410 2142 of
423 2089 468 2143 tha
483 2087 599 2159 genitive
617 2106 647 2140 or
664 2086 775 2141 etatae
787 2089 821 2158 os
832 2086 962 2158 quoldpd’
1000 2085 1039 2139 So

136 2174 219 2229 Tusc.
228 2175 278 2229 lll.
287 2177 361 2230 xviii.
370 2180 418 2230 42:
442 2177 517 2247 Quae
528 2180 684 2245 aequantur,
696 2175 725 2228 in
736 2176 825 2229 eodem
836 2178 965 2229 sententia
977 2180 1039 2229 eunt

139 2264 179 2333 (h.
192 2282 215 2317 e.
228 2265 343 2334 ejusdem
362 2265 530 2333 sententiae).
567 2264 610 2318 De
628 2264 713 2317 dian.
732 2262 769 2317 Il.
785 2264 838 2317 xiv.
849 2267 898 2317 47:
916 2268 1039 2335 quanam

139 2353 240 2423 (genua
251 2353 431 2421 bonumeam)
445 2357 469 2405 et
478 2351 508 2405 in
520 2353 609 2407 eadem
615 2350 823 2423 ptdcbritudine,
836 2361 886 2405 eto.

178 2441 239 2511 Qec
260 2439 322 2495 illae
342 2439 470 2494 bestiolae.
506 2438 589 2493 “For
608 2438 640 2493 in
660 2458 721 2510 qua.
757 2438 817 2493 The
839 2439 996 2508 preposition
1016 2438 1040 2491 io

138 2528 242 2597 usually
256 2528 362 2581 omitted
381 2528 468 2581 before
480 2544 495 2581 a
506 2527 613 2580 relative
633 2544 760 2596 prononn,
774 2527 850 2579 wlneu
869 2527 890 2579 it
909 2527 958 2579 hae
975 2527 1040 2580 been

137 2615 231 2685 placed
254 2615 342 2669 before
365 2617 410 2669 tha
433 2616 634 2669 demonstrative
657 2632 775 2683 pronoun
802 2622 867 2666 next
889 2613 1038 2683 preceding.

138 2700 209 2772 Nep.
234 2701 337 2757 Cimon.
359 2703 396 2756 iii.
422 2708 452 2756 1:
479 2700 575 2756 incidit
595 2700 627 2756 in
647 2702 755 2755 eandm
773 2700 912 2765 inuidiam,
935 2717 1040 2770 quant

136 2794 214 2861 poter
230 2806 305 2845 caue.
343 2790 432 2860 Infra,
449 2789 512 2842 xlvi.
529 2794 593 2843 111:
612 2790 643 2842 in
655 2788 690 2843 iia
707 2790 795 2853 mulie,
813 2786 942 2859 quibua
959 2786 1039 2858 vulgo

138 2876 292 2947 opinantur.
301 2914 323 2931 ..
333 2916 353 2932 ..
363 2878 417 2931 But
425 2878 503 2931 when
515 2878 560 2931 the
572 2877 721 2931 relationes
729 2878 774 2929 tho
786 2876 942 2946 preposition
955 2877 982 2928 in
995 2877 1039 2929 the

138 2976 193 3020 two
212 2968 375 3020 membercis
387 2967 515 3031 different,
528 2966 549 3018 it
559 2977 630 3019 must
646 2967 678 3019 be
696 2964 828 3034 repeated,
841 2982 871 3017 aa
881 2961 967 3034 infra,
980 2963 1038 3019 xlii.

141 3056 206 3106 102:
227 3053 324 3124 dequo
337 3054 456 3107 Socraten
473 3050 577 3123 quidem
595 3052 796 3123 quidsenserit,
814 3056 924 3124 apparet
940 3050 981 3106 in
1002 3069 1039 3107 eo

139 3138 249 3204 libro,
268 3140 305 3195 in
321 3158 384 3211 quo
402 3139 541 3194 moritur.”
578 3139 701 3195 Kiihner.

175 3227 236 3283 xl.
272 3233 314 3282 95.
333 3226 622 3283 Leciuee....leeitnti.
660 3230 686 3282 A
705 3229 766 3297 play
788 3245 858 3298 upon
879 3228 983 3289 words3
1009 3245 1039 3282 aa

139 3316 219 3372 Laet.
232 3318 308 3371 xxiii.
323 3319 373 3371 87:
398 3316 466 3388 Qut'e
484 3321 538 3370 tam
556 3322 621 3370 eeeet
630 3318 800 3387 ferreae,
818 3314 866 3386 qui
883 3334 940 3369 eam
956 3314 1038 3370 vitain

131 3405 237 3475 serre
253 3407 360 3475 pooiet?
398 3405 456 3458 Cat.
469 3402 537 3474 Maj.
552 3405 588 3457 xi.
602 3406 651 3456 38:
672 3402 776 3457 Mam
792 3402 850 3458 eine
867 3419 949 3458 eenatt
965 3408 1038 3457 cetae

138 3491 257 3547 tenuat.
291 3492 380 3559 Orelli,
391 3490 486 3546 leniae.

179 3579 595 3649 Cltaldaeorum=notrclogero¹
