2475 4092
337 367 438 413 arnan
460 367 482 409 1.
526 369 597 412 oar.
620 367 699 412 xav.
721 365 814 410 xavr.
994 341 1038 406 59

134 524 316 608 optimates
340 522 560 600 domesticos3
588 519 699 586 nobile
722 525 838 583 autem
858 537 964 604 genus
985 539 1038 582 ea·

134 649 219 693 num
248 627 331 691 illud
360 629 484 692 scimus
514 645 604 705 esse,
635 624 693 688 sed
722 641 780 708 pro
810 643 873 686 sua
898 624 1038 706 quisque

134 731 294 796 facultate
316 738 421 817 parat,
435 753 458 796 a
476 731 598 814 quibus
612 729 775 808 lanietur3
796 748 938 810 eamque
955 727 1038 811 opti·

135 857 229 901 mam
259 836 305 900 illi
334 857 406 900 esse
435 841 572 900 censent
596 833 811 919 sepulturam.
869 831 1039 896 Permulta

135 940 203 1005 alia
226 940 353 1026 colligit
371 941 585 1027 Chrysippus,
601 945 640 1002 ut
664 937 764 1002 estin
787 936 880 1000 omni
902 937 1039 1000 historia

135 1046 304 1126 curiosus,
335 1044 467 1110 sedita
491 1050 597 1108 taetra
628 1047 707 1106 sunt
730 1040 908 1124 quaedam,
935 1046 974 1104 ut
996 1061 1039 1104 ea

135 1148 246 1234 fugiat
268 1155 303 1213 et
324 1149 514 1213 reformidet
542 1147 657 1212 oratio.
715 1145 823 1209 Totus
854 1145 955 1230 igitur
984 1145 1038 1210 hic

135 1254 230 1318 loeus
245 1260 295 1319 est
316 1254 580 1319 contemnendus
600 1253 637 1316 in
654 1251 761 1330 nobis,
776 1271 843 1314 non
870 1249 1037 1336 negligen-

135 1359 200 1423 dus
214 1360 249 1422 in
265 1360 402 1440 nostris3
423 1360 473 1423 ita
485 1364 610 1434 tamen,
625 1362 665 1420 ut
679 1361 885 1419 mortuorum
901 1375 1037 1439 corpora

134 1463 217 1528 nihil
247 1465 366 1527 sentire
395 1453 462 1527 vivi
494 1463 688 1526 sentiamus.
748 1460 821 1523 109.
857 1458 1036 1538 Quantum

134 1573 249 1631 autem
279 1568 515 1632 consuetudini
539 1566 716 1648 famaeque
745 1564 896 1628 dandum
923 1564 975 1642 sit,
1001 1561 1037 1627 id

134 1678 251 1736 curent
276 1673 361 1753 vivi;
391 1672 450 1736 sed
476 1673 533 1752 ita,
556 1677 595 1735 ut
614 1669 811 1754 intelligant,
835 1669 917 1732 nihil
932 1668 968 1732 id
993 1666 1037 1732 ad

134 1783 284 1841 mortuos
300 1778 469 1862 pertinere.

182 1880 250 1945 Sed
265 1880 409 1967 profecto
425 1902 513 1944 mors
527 1885 602 1945 tum
626 1880 827 1963 aequissimo
850 1878 963 1942 animo
979 1896 1035 1961 op-

134 1986 266 2071 petitur,
295 2006 401 2069 quum
431 1986 501 2049 suis
531 2006 566 2048 se
595 1984 751 2048 laudibus
779 1984 850 2046 rita
882 1981 1036 2046 occidens

135 2090 298 2154 consolari
326 2095 445 2175 potest.
501 2089 610 2153 Nemo
641 2109 759 2173 pamm
784 2088 844 2150 diu
866 2088 957 2165 vixit,
978 2085 1036 2169 qui

134 2195 265 2258 virtutis
291 2193 453 2279 perfectae
477 2192 622 2278 perfecto
652 2192 787 2257 functus
810 2198 861 2256 est
890 2211 1036 2256 munere.

137 2298 247 2363 Multa
261 2300 345 2362 mibi
364 2300 429 2385 ipsi
444 2298 487 2362 ad
511 2304 651 2362 mortem
666 2298 865 2383 tempestiva
885 2296 1036 2361 fuerunt:

134 2425 222 2486 quae
237 2404 368 2467 utinam
391 2403 575 2487 potuissem
595 2399 703 2467 obire!
750 2401 842 2466 Nihil
861 2402 952 2464 enim
963 2401 1037 2486 jam

135 2508 373 2590 adquirebatur,
394 2506 566 2570 cumulata
589 2512 683 2569 erant
706 2505 815 2570 officia
838 2506 936 2584 vitae,
959 2525 1037 2570 num

134 2611 269 2676 fortuna
296 2611 385 2676 bella
412 2614 592 2676 restabant
652 2610 765 2688 Quare
796 2611 825 2674 si
849 2611 925 2696 ipsa
952 2610 1037 2674 ratio

135 2717 247 2781 minus
271 2715 427 2802 perficiet,
442 2722 481 2780 ut
496 2721 638 2778 mortem
664 2715 830 2800 negligere
851 2714 1037 2799 possimus,

135 2821 258 2886 atrita
281 2827 358 2885 acta
381 2819 537 2906 perficiat,
559 2825 599 2883 ut
624 2820 705 2882 satis
732 2839 895 2905 superque
916 2818 1037 2882 vixisse

135 2925 315 2990 videamur.
378 2925 597 3008 Quamquam
635 2925 725 2988 enirn
762 2945 879 2988 sensus
912 2924 1037 3004 abierit,

134 3037 249 3094 tamen
272 3031 342 3094 suis
369 3037 404 3094 et
428 3031 565 3116 propriis
587 3029 685 3092 bonis
710 3028 819 3092 laudis
846 3034 879 3092 et
904 3028 1037 3114 gloriae,

134 3137 288 3218 quamvis
303 3157 371 3199 non
386 3136 541 3214 sentiant,
557 3134 681 3198 mortui
704 3155 770 3197 non
794 3139 915 3198 carent.
960 3133 1037 3198 Etsi

134 3241 225 3304 enim
246 3241 329 3304 nihil
349 3241 450 3304 habet
470 3241 505 3303 in
529 3261 564 3303 se
579 3239 693 3324 gloria,
710 3260 768 3302 nur
790 3245 973 3325 expetatur,
987 3245 1036 3302 ta·

134 3364 212 3408 men
226 3346 384 3409 virtutem
398 3350 574 3426 tamquam
589 3345 708 3407 umbra
724 3345 881 3426 sequitur.

181 3448 310 3512 XLVL
358 3448 431 3527 110.
459 3448 586 3511 Vemm
616 3445 841 3510 multitudiuis
872 3445 1037 3531 judicium

135 3553 177 3618 de
202 3555 309 3634 bonis,
324 3554 354 3617 si
376 3552 513 3637 quando
533 3557 593 3631 est,
615 3552 725 3638 magis
747 3550 955 3616 laudandum
977 3555 1037 3630 est,
