2475 4092
240 335 284 400 22
414 355 673 400 rosconmon
694 355 965 401 nrsrmsrronuu

239 507 383 572 dilucide
406 507 532 588 dicitur,
556 514 616 574 aut
638 511 757 594 quinta
781 509 839 574 illa
863 531 932 574 non
958 509 1138 574 nominata

240 613 347 698 magis
362 635 463 696 quarn
481 633 548 678 non
568 613 735 678 intellecta
749 621 884 678 natura:
906 613 1013 677 multo
1028 614 1135 676 etiam

238 716 414 802 integriora
429 739 468 782 ac
490 719 619 802 puriora
642 725 729 798 sunt,
746 724 786 782 ut
798 740 821 783 a
833 725 920 784 terra
938 718 1135 804 longissime

238 843 274 886 ee
294 821 437 886 efferant.
491 821 619 886 Homm
643 823 744 909 igitur
766 823 892 906 aliquid
917 823 1049 888 animus
1070 829 1134 903 est,

237 946 280 990 ne
295 931 365 990 tarn
381 933 498 1011 vegeta
521 947 615 990 mens
630 928 738 991 autin
757 926 854 992 corde
876 929 1055 1006 cerebrove,
1071 933 1134 991 aut

237 1029 272 1094 in
289 1029 511 1115 Empedocleo
527 1032 688 1116 sangnine
702 1031 851 1096 demersa
860 1031 980 1116 jaceat.

283 1135 411 1200 XVIII.
445 1134 685 1198 Dicaearchum
712 1156 789 1198 vero
825 1156 903 1200 cum
934 1135 1132 1200 Aristoxeno

238 1239 369 1321 aequali
394 1249 428 1302 et
449 1238 674 1323 condiscipulo
698 1259 769 1317 suo,
792 1238 907 1302 doctos
926 1259 1007 1302 sane
1025 1238 1133 1302 homi·

238 1363 305 1420 nes,
332 1342 544 1406 omittamus:
577 1362 718 1423 quorum
746 1341 891 1406 alterne
920 1341 1133 1405 condoluisse

236 1446 372 1530 quidem
391 1467 541 1530 unquam
556 1446 692 1524 videtur,
707 1447 765 1528 qui
785 1447 937 1510 animum
950 1467 986 1510 sc
1009 1446 1133 1510 habere

236 1573 305 1616 nou
328 1552 465 1630 sentiat3
496 1550 577 1614 alter
597 1553 646 1614 ita
669 1551 848 1615 delectatur
873 1551 942 1614 suis
965 1551 1133 1630 centibus,

236 1661 275 1720 ut
290 1677 347 1719 eos
371 1657 473 1720 ctiam
497 1654 539 1719 ad
562 1656 644 1719 haec
662 1653 832 1720 transferre
857 1661 1000 1720 conetur.
1044 1655 1133 1720 Har·

237 1762 386 1824 moniam
416 1765 528 1824 autern
558 1780 598 1822 cx
628 1759 806 1823 intervallis
843 1780 1000 1823 sonorum
1029 1781 1133 1824 nosse

237 1885 423 1950 possumus,
439 1885 579 1947 quorum
603 1865 694 1928 varia
718 1864 915 1947 compositio
930 1863 1033 1926 ctiam
1058 1864 1134 1928 har·

235 1970 366 2033 monias
390 1967 489 2032 efficit
515 1968 640 2053 plures;
663 1971 884 2032 membromm
904 1988 980 2030 vcro
995 1967 1080 2031 situs
1094 1974 1134 2032 et

236 2071 342 2158 figura
357 2075 509 2158 corporis,
524 2094 646 2136 vacans
670 2074 793 2153 anime,
808 2094 911 2155 quam
935 2073 1039 2157 possit
1057 2073 1133 2136 har·

237 2178 386 2242 moniam
410 2176 543 2256 efficere,
561 2199 628 2240 non
650 2178 753 2242 video.
810 2177 878 2242 Sed
902 2178 956 2240 hic
980 2176 1132 2259 quidem,

237 2282 390 2364 quamvis
413 2281 559 2344 eruditus
586 2283 639 2361 sit,
664 2284 751 2346 sicut
772 2288 832 2361 est,
857 2283 939 2346 haec
967 2281 1132 2366 magistro

237 2385 397 2449 concedat
422 2386 606 2466 Aristoteli3
629 2407 746 2450 canere
768 2388 839 2471 ipse
862 2387 988 2450 doceat.
1032 2386 1131 2450 Bene

136 2563 138 2568 ¹
237 2490 326 2553 enim
337 2489 393 2552 illo
411 2489 612 2554 Graecomm
629 2492 795 2574 proverbio
811 2492 1016 2576 praecipitur,

362 2603 446 2670 Quum
458 2608 560 2673 quisque
572 2606 740 2671 noritonam,
753 2607 781 2658 in
793 2605 838 2658 ltuc
849 2622 876 2657 sc
887 2605 1003 2658 exerceat.
1103 2651 1110 2664 ,

232 2703 285 2766 42.
309 2703 404 2766 Illam
419 2724 495 2766 vcro
516 2702 664 2768 funditus
686 2706 856 2789 ejiciamus
879 2704 1158 2768 individuorum.

234 2829 404 2891 corporum
428 2807 551 2871 levium
575 2815 608 2872 et
631 2809 847 2872 rotundorum
876 2809 1129 2872 concursionem

233 2909 422 2976 fortuitam:
459 2935 561 2995 quam
590 2920 703 2978 tamen
740 2914 949 2978 Democritus
978 2913 1129 2977 concale-

232 3012 355 3078 saetam
371 3022 404 3079 et
419 3018 613 3101 spirabilem,
629 3018 662 3081 id
679 3026 729 3082 est
744 3019 933 3097 animalem,
948 3039 1020 3081 csse
1035 3017 1120 3082 vult.

278 3118 309 3181 Is
325 3125 437 3184 autern
464 3123 604 3200 animus,
619 3124 687 3205 qui,
705 3124 732 3186 si
755 3129 805 3186 est
830 3124 947 3186 horum
966 3128 1129 3204 quattuor

231 3245 398 3310 genemm,
414 3229 588 3308 exquibus
604 3228 718 3290 omnia
739 3234 887 3291 constare
906 3228 1068 3306 dicuntur,
1081 3249 1128 3292 ex

230 3328 439 3392 inflammata
455 3332 567 3394 anima
588 3339 728 3411 constat,
742 3338 781 3395 ut
795 3333 1006 3417 potissimum
1021 3331 1128 3398 videri

231 3433 326 3495 video
355 3433 523 3512 Panaetio,
544 3437 710 3519 superiora
731 3444 883 3521 capessat
906 3457 1038 3500 neccsse
1063 3443 1126 3501 cst.

234 3536 324 3600 Nihil
349 3537 438 3600 enim
466 3537 586 3601 habent
616 3541 696 3604 haec
721 3541 788 3604 duo
816 3562 935 3626 genera
960 3541 1064 3624 proni,
1089 3548 1128 3606 et
