2475 4092
214 359 236 426 6
381 380 645 426 susenssnsnuu
666 379 940 426 msrnrsrrounu

214 533 292 601 finis
321 535 357 598 in
383 540 506 599 mone:
537 535 699 616 quoniam
724 539 839 598 sutem
864 533 968 598 etiam
991 533 1118 598 mortui

215 641 327 706 miseri
344 645 431 720 sunt,
446 640 481 704 in
497 641 665 704 miseriem
688 639 855 704 nascimur
871 638 1117 724 sempiternam.

217 746 361 810 Necesse
377 750 428 808 est
442 745 533 808 enim
559 745 696 810 miseros
722 765 795 808 esse
816 764 883 822 eos,
899 744 957 827 qui
979 749 1117 807 centurn

216 850 362 914 millibus
392 869 556 914 annorum
586 856 664 914 ante
694 849 894 927 occiderunt,
922 847 972 912 vel
1004 849 1118 934 potius

217 977 343 1034 omnes,
368 954 556 1038 quicunque
587 955 659 1019 nati
688 960 775 1019 sunt.
829 952 869 1018 A
908 953 960 1018 Its
983 974 1118 1038 prorsus

216 1061 380 1124 existimo
722 1133 727 1144 ,

261 1163 312 1229 10.
336 1164 383 1229 Μ
414 1163 486 1245 Dio,
502 1186 648 1249 quaeso:
671 1165 764 1230 Num
785 1169 819 1228 te
840 1162 898 1227 illa
918 1167 1048 1240 terrent,
1062 1161 1118 1224 tri·

216 1291 294 1355 ceps
324 1269 415 1355 apud
443 1269 564 1335 inferos
597 1271 766 1349 Cerberus,
800 1268 921 1355 Cocyti
956 1266 1119 1346 fremitus,

217 1375 625 1454 transvectioAcherontis‚

251 1512 343 1568 Mento
354 1530 480 1566 sumnum
491 1530 583 1583 cquum
591 1514 726 1582 ottingene
737 1513 782 1566 siti
792 1511 910 1567 lomus
926 1510 1072 1566 Tantalio!

218 1641 293 1700 tum
308 1635 400 1716 illud,
414 1635 504 1719 quod

790 1774 1013 1846 ›Simiu’olmt

358 1861 1001 1934 &mswmnumdqnequrofiuaemums

218 1984 356 2050 sortasse
368 1988 470 2050 etiam
482 1986 699 2051 inexorabiles
707 1986 846 2071 judices,
860 1986 971 2050 Minos
983 1990 1017 2050 et
1030 1983 1119 2049 Rha·

220 2091 446 2156 damanthus?
473 2093 563 2178 apud
586 2114 671 2177 quos
691 2115 753 2157 nec
777 2098 811 2157 te
835 2093 873 2158 h
897 2093 1037 2158 Crassus
1063 2091 1119 2155 de·

219 2193 341 2274 fendet,
366 2217 428 2259 nec
450 2196 496 2260 M.
522 2198 710 2277 Antonius3
743 2219 813 2277 nec,
839 2197 1001 2280 quoniam
1026 2195 1120 2281 apud

223 2299 369 2364 Graecos
388 2301 517 2385 judices
531 2322 581 2364 res
601 2308 726 2386 agetur,
743 2303 864 2387 poteris
884 2302 1039 2366 adbibere
1054 2300 1118 2365 De·

219 2405 447 2468 mosthenem:
469 2406 529 2468 tibi
544 2406 609 2490 ipsi
632 2427 690 2490 pro
705 2412 740 2469 te
755 2408 817 2470 erit
833 2408 981 2470 maxime
995 2425 1118 2469 corone

218 2531 322 2574 causa
337 2510 486 2574 dicenda.
532 2510 627 2574 Haec
641 2509 779 2575 sortasse
802 2513 933 2590 metuis,
948 2510 1118 2575 etidcirco

219 2621 359 2680 mortem
375 2637 490 2680 censes
505 2637 576 2679 esse
593 2617 831 2702 sempiternum
850 2617 986 2680 malurn.

264 2721 324 2785 VI.
349 2721 388 2786 A.
421 2722 560 2786 Adeone
586 2743 641 2785 me
671 2722 805 2786 delirare
834 2743 958 2801 censes,
984 2727 1023 2785 ut
1051 2722 1120 2786 ista

219 2845 290 2888 esse
306 2824 462 2889 credam?
507 2824 554 2889 Μ
587 2827 641 2890 An
657 2831 696 2889 tu
716 2826 798 2889 haec
819 2846 887 2889 non
902 2824 1031 2888 credis?
1077 2823 1119 2888 A.

222 2927 362 2991 Minime
389 2950 473 2992 vero
527 2928 575 2992 M.
616 2927 715 3007 Male,
736 2927 875 3003 hercule,
899 2949 1021 2992 narras.
1078 2927 1119 2992 A.

222 3031 313 3097 Cur?
335 3054 469 3116 quaeso
514 3032 562 3097 M.
596 3033 688 3111 Quia
713 3031 854 3095 disertus
880 3053 952 3096 esse
976 3053 1120 3117 possem,

219 3137 247 3199 si
263 3143 376 3200 contra
396 3138 462 3202 ista
486 3137 639 3201 dicerem.
684 3135 735 3200 11.
760 3137 799 3200 Α.
834 3136 921 3214 Quis
944 3138 1034 3200 enirn
1050 3157 1120 3200 non

218 3243 254 3308 in
280 3242 445 3327 ejusmodi
470 3242 598 3306 causa?
621 3248 682 3305 aut
705 3242 785 3324 quid
811 3242 934 3325 nogotii
955 3247 1015 3319 est,
1038 3242 1123 3304 haec

218 3349 393 3432 poetarum
409 3352 443 3408 et
457 3347 618 3430 pictorum
636 3351 789 3430 portenta
804 3344 1021 3408 convincere?
1068 3343 1121 3410 M.

222 3452 326 3534 Atqui
341 3450 431 3535 pleni
445 3450 519 3513 libri
543 3456 622 3513 sunt
645 3456 759 3514 contra
780 3450 845 3513 ista
866 3451 940 3535 ipsa
963 3450 1123 3514 disseren-

220 3557 305 3620 tium
331 3554 610 3642 philosophorum.
665 3555 704 3618 A.
743 3555 857 3639 Inepte
881 3576 970 3618 sane.
1032 3553 1124 3632 Quis
