2475 4092
267 1067 529 1144 SOMNIUM
571 1069 881 1147 SCIPIONIS.

161 1460 345 1520 luminosa
366 1458 508 1518 Platonis¹
524 1459 629 1520 Cicero
643 1459 678 1519 de
698 1460 869 1539 Republica
887 1463 1025 1534 scribens,

120 1561 220 1618 locum
240 1559 328 1618 etiam
341 1556 377 1617 de
392 1556 460 1615 Eris
480 1556 634 1636 Pamphyli
654 1559 745 1617 reditu
767 1559 796 1618 in
810 1560 909 1632 vitam,
923 1561 981 1638 qui,
995 1571 1026 1619 ut

120 1657 173 1729 ait,
193 1677 264 1736 rogo
288 1656 436 1734 impositus
457 1656 616 1728 revixisset,
637 1658 782 1733 multaque
803 1657 839 1716 de
859 1658 958 1718 inferis
981 1679 1024 1718 sa·

120 1765 202 1814 creta
232 1764 386 1825 narrasset,
415 1773 473 1811 non
505 1753 645 1824 fabulosa,
673 1765 703 1812 ut
733 1754 792 1825 ille,
822 1756 1025 1815 assimilatione

120 1861 304 1912 commentus
323 1861 376 1922 est,
396 1850 447 1909 sed
465 1850 586 1909 sollertis
604 1852 707 1909 somnii
725 1852 883 1910 rationabili
901 1853 1025 1929 quadam

121 1949 326 2028 imaginatione
366 1948 538 2025 composuit,
570 1948 705 2007 videlicet
742 1948 812 2007 scite
849 1950 1026 2028 significans,

120 2048 196 2107 haec
216 2067 290 2124 quae
313 2046 350 2105 de
374 2045 490 2104 animae
512 2045 723 2104 immortalitate
748 2046 911 2106 dicerentur
932 2049 1025 2107 caelo·

121 2166 190 2223 que,
207 2142 292 2225 [non]
308 2143 511 2203 somniantium
528 2143 760 2221 pbilosophorum
773 2164 837 2202 esse
851 2156 1026 2219 commenta,

122 2263 178 2303 nec
203 2243 316 2301 fabulas
337 2240 529 2311 incredibiles,
551 2260 622 2317 quas
648 2238 787 2318 Epicurei
811 2241 952 2314 derident,
975 2244 1026 2303 sed

121 2341 304 2420 prudentium
331 2340 519 2416 conjecturas.
574 2337 712 2409 Insinuat,
739 2338 905 2416 Scipionem
934 2341 1026 2412 illum,

121 2439 182 2516 qui,
203 2437 378 2514 Karthagine
401 2436 561 2513 subjugata,
581 2455 745 2513 cognomen
767 2436 894 2496 familiae
916 2439 1027 2516 peperit

122 2536 308 2606 Africanum,
321 2533 388 2593 huic
403 2532 540 2611 Scipioni,
554 2533 645 2591 Paulli
662 2533 732 2605 filio,
747 2534 855 2592 futuras
876 2555 894 2593 a
914 2537 1026 2615 propin·

123 2635 187 2713 quis
213 2634 329 2692 insidias
352 2642 382 2690 et
405 2631 499 2689 fatalis
526 2641 620 2689 metae
645 2631 812 2690 denuntiare
840 2633 1026 2704 curriculum,

123 2731 199 2811 quod
214 2731 384 2791 necessitate
405 2748 591 2787 numerorum
608 2729 638 2788 in
651 2729 726 2787 vitae
748 2729 895 2806 perfectae
916 2740 1025 2808 tempo·

123 2851 156 2891 ra
175 2840 336 2900 coartatum
356 2827 490 2906 ponitque
512 2827 593 2884 illum
614 2827 715 2884 aetatis
735 2846 805 2885 suae
826 2827 1025 2907 quinquagesi-

123 2948 172 2987 mo
195 2948 231 2987 ac
252 2936 333 2986 sexto
353 2945 440 2995 annu,
460 2925 570 2983 duobus
589 2923 619 2982 in
643 2943 674 2982 se
698 2924 866 2983 coeuntibus
889 2928 1027 2998 numeris,

123 3027 282 3085 absolutam
303 3025 385 3083 caelo
405 3022 543 3094 animam,
557 3022 633 3081 unde
658 3034 821 3101 acceperat,
840 3023 1026 3098 redditurum,

123 3134 174 3183 etc.
185 3157 222 3169 -
237 3122 385 3182 Favonius
399 3118 546 3198 Eulogius
563 3118 666 3179 Comm.
682 3123 721 3178 ud
738 3119 830 3179 Sama.
845 3121 923 3198 Scip.

160 3317 300 3377 Nonnulli
313 3317 412 3388 nostri,
425 3327 541 3395 propter
554 3315 697 3392 quoddam
712 3317 972 3393 praeclarissimum
987 3319 1025 3376 lo·

123 3417 227 3494 quendi
242 3437 344 3494 genus,
358 3427 387 3475 et
400 3426 516 3494 propter
536 3415 673 3473 nonnulla
686 3435 759 3490 quae
774 3417 916 3475 veraciter
929 3417 1026 3486 sensit,

463 3557 471 3588 ¹
484 3557 522 3606 Da
533 3559 603 3624 top,
613 3555 647 3605 Χ.
658 3557 710 3606 xiil.
