2475 4092
181 295 224 362 12
355 317 620 362 rusounsnrnun
643 319 921 365 pisaurnrronuu

176 493 213 536 ra
238 469 405 534 maxima
430 460 524 532 esset.
569 469 654 554 Ejus
675 471 789 536 doctor
809 473 911 537 Plato
934 477 1116 562 triplicem

174 573 283 641 finxit
306 573 480 651 animam;
502 573 596 655 cujus
622 576 854 661 principatum,
869 579 905 643 id
929 587 984 644 est
1004 587 1114 648 ratio·

173 701 271 757 nem,
299 677 338 740 in
365 675 483 760 capite,
508 677 593 740 sicut
622 679 657 741 in
687 699 769 758 arce,
798 684 922 764 posuit,
948 691 985 749 et
1016 687 1112 754 duas

173 791 297 874 partes
315 781 349 843 ei
365 799 475 863 parere
490 779 602 860 voluit,
618 782 702 845 iram
718 790 752 846 et
766 785 1004 871 cupiditatem,
1015 814 1111 874 quas

173 891 263 956 locis
282 883 457 962 disclusit;
479 883 561 945 iram
575 884 609 946 in
626 893 764 969 pectore,
780 889 1006 972 cupiditatem
1024 899 1109 960 suba

174 1003 223 1060 ter
253 985 457 1077 praecordia
476 986 604 1050 locavit.
649 988 700 1051 21.
723 989 953 1058 Dicaearchus
980 1006 1110 1065 autem

176 1102 212 1164 in
238 1116 287 1160 eo
317 1108 480 1168 sermone,
506 1111 604 1171 quern
632 1091 782 1156 Corinthi
809 1095 966 1173 habitum
991 1104 1109 1170 tribus

178 1201 276 1268 libris
294 1191 443 1277 exponit,
458 1191 629 1256 doctorum
644 1195 818 1260 hominurn
835 1199 1108 1289 disputantium,

182 1308 297 1393 primo
314 1300 399 1363 libro
414 1296 535 1359 multos
558 1296 729 1380 loquentes
753 1299 843 1382 lacit,
859 1305 995 1372 duobus
1013 1310 1107 1376 Phe·

183 1411 352 1476 recratem
375 1398 552 1480 quendam,
569 1400 759 1467 Phthiotam
781 1427 907 1487 senem,
922 1432 1030 1492 quem
1050 1418 1106 1482 ait

186 1493 208 1578 ᾗ
233 1504 446 1577 Deucalione
470 1509 586 1583 ortum,
606 1506 821 1572 disserentem
845 1512 987 1595 inducit,
1013 1521 1105 1586 nihil

189 1637 262 1682 esse
279 1610 420 1678 omnino
436 1609 594 1687 animum,
609 1616 643 1673 et
658 1611 720 1674 hoc
735 1633 807 1676 esse
832 1636 957 1683 nomen
981 1627 1103 1690 totum

189 1725 301 1798 inane,
318 1715 501 1795 frustraque
528 1720 561 1777 et
584 1715 742 1780 animalia
764 1725 798 1782 et
821 1723 1015 1790 animantes
1039 1752 1101 1816 ap-

190 1824 322 1913 pellari;
355 1839 463 1900 neque
492 1819 526 1882 in
557 1819 690 1882 homine
719 1821 826 1886 inesse
857 1829 1014 1896 animum
1042 1837 1101 1901 vel

191 1931 352 2003 animam,
366 1943 427 1986 neo
440 1922 475 1985 in
490 1923 613 2001 bestia;
631 1924 765 2006 vimque
777 1948 914 1994 ornnem
926 1955 1013 2015 earn,
1026 1961 1102 2021 qua

192 2033 245 2098 vel
260 2049 403 2116 agamus
419 2026 497 2108 quid
514 2026 564 2089 vel
587 2028 779 2108 sentiamus,
794 2032 830 2094 in
849 2039 1009 2105 omnibus
1025 2065 1099 2109 eor·

193 2137 327 2224 poribus
342 2131 426 2195 vivis
442 2131 654 2214 aequabiliter
668 2153 739 2196 esse
757 2133 868 2200 lusam
885 2162 946 2206 nec
962 2167 1097 2232 separa.

192 2242 295 2306 bilem
312 2261 333 2304 a
348 2256 479 2320 corpore
503 2257 583 2315 esse,
599 2237 720 2321 quippe
735 2260 821 2322 quac
845 2246 938 2310 nulla
961 2251 1014 2330 sit,
1030 2276 1099 2320 nec

194 2348 238 2412 sit
260 2343 453 2428 quidquam,
468 2342 532 2405 nisi
557 2362 674 2425 corpus
700 2354 856 2411 unumst
876 2351 1027 2438 simplex,
1043 2360 1098 2425 ita

193 2449 384 2537 figuratum,
413 2453 452 2511 ut
479 2447 716 2530 temperatione
745 2455 884 2515 naturae
913 2459 1028 2544 vigeat
1058 2471 1097 2530 et

194 2557 324 2623 sentiat.
368 2554 420 2618 22.
445 2551 635 2618 Aristoteles
661 2551 759 2638 longe
780 2560 936 2625 omnibus
963 2565 1094 2650 (Plato-

192 2686 269 2730 nem
285 2683 413 2750 semper
428 2657 568 2744 excipio)
586 2664 754 2742 praestans
770 2666 804 2724 et
818 2662 953 2748 ingenio
969 2677 1004 2734 ct
1018 2673 1095 2738 dili-

192 2772 314 2858 gentia,
330 2791 435 2855 quum
451 2770 608 2849 quattuor
623 2770 702 2827 nota
717 2764 774 2827 illa
796 2789 917 2851 genera
934 2776 1094 2864 principi-

192 2899 285 2942 orum
302 2883 388 2942 esset
403 2871 603 2960 complexus,
619 2892 637 2933 e
653 2870 773 2954 quibus
789 2875 903 2938 omnia
919 2880 1092 2966 orirentur,

191 2985 342 3070 quintam
367 2983 538 3069 quandam
563 2985 716 3042 naturam
741 2985 852 3042 censet
877 3003 996 3063 esse,e
1019 3010 1093 3070 qua

191 3094 234 3158 sit
249 3115 350 3159 mens.
390 3091 545 3178 Cogitare
557 3087 656 3166 enim,
669 3091 702 3149 et
718 3086 895 3170 providere,
907 3096 941 3152 et
952 3090 1091 3177 discere,

190 3206 223 3266 et
237 3201 361 3284 docere,
377 3207 410 3267 et
430 3196 574 3264 invenire
591 3192 726 3275 aliquid,
742 3198 775 3255 et
797 3198 867 3256 tam
889 3195 995 3258 multa
1011 3197 1091 3282 alia,
1164 3215 1172 3230 ·

188 3309 388 3392 meminisse,
410 3326 532 3384 amare,
556 3302 676 3380 odisse,
702 3320 829 3385 cupere,
847 3299 974 3379 timere,
999 3306 1092 3389 angi,

186 3418 318 3482 laetari:
341 3421 422 3484 haec
444 3421 478 3479 et
504 3410 626 3477 similia
652 3430 766 3473 eorum
787 3407 822 3470 in
849 3407 966 3469 horum
991 3416 1090 3490 quat-

188 3528 263 3587 tuor
292 3545 449 3609 generum
487 3521 594 3582 inesse
625 3515 717 3579 nullo
746 3519 853 3599 putat.
917 3510 1090 3588 Quintum
